Title,Price1,product__pricing_area2
Coles Cotton Make-Up Pads Round | 80 pack,$1.50,$0.02 per 1ea
Dove Triple Moisturising Body Wash | 1L,$17.00,$1.70 per 100mL
Libra Pads Ultra Thin Regular Wings | 14 pack,$5.00,$0.36 per 1ea
Coles Shower Puff | 1 each,$2.50,$2.50 per 1ea
Coles Paracetamol Caplets | 20 pack,$0.80,$0.04 per 1ea
Panadol Rapid Caplets for Pain Relief Paracetamol 500mg | 20 pack,$5.20,$0.26 per 1ea
Coles Antibacterial Hand Wash Lime Fresh | 1L,$3.00,$3.00 per 1L
Colgate Advanced Whitening & Tartar Toothpaste | 115g,$3.85,$3.35 per 100g | Was $5.50
Colgate Advanced Whitening Toothpaste | 115g,$3.85,$3.35 per 100g | Was $5.50
Oral B 3D White  2 In 1 Whitening Strengthens Enamel Paste | 110g,$2.50,$2.27 per 100g | Was $5.00
Coles Ibuprofen Tablets 200mg | 24 pack,$1.55,$0.06 per 1ea
Colgate Total Advanced Whitening Toothpaste | 115g,$6.50,$5.65 per 100g
Colgate Total Advanced Clean Toothpaste | 115g,$6.50,$5.65 per 100g
Swisspers Cotton Tips Paperstems | 400 pack,$6.80,$0.02 per 1ea
Palmolive Cherry Blossom Foaming Hand Wash | 250mL,$4.00,$1.60 per 100mL
U by Kotex Extra Overnight Pads Long With Wings | 8 pack,$3.08,$0.39 per 1ea | Was $4.40
U by Kotex Ultrathin Pads Regular With Wings | 14 pack,$3.08,$0.22 per 1ea | Was $4.40
Colgate Great Regular Flavour Toothpaste | 180g,$3.50,$1.94 per 100g
Coles Antibacterial Hand Wash Refill Aloe Vera & Chamomile | 1L,$3.00,$0.30 per 100mL
Palmolive Aloe Vera Liquid Hand Wash | 250mL,$3.00,$1.20 per 100mL
U by Kotex Designer Series Liners | 30 pack,$2.73,$0.09 per 1ea | Was $3.90
Colgate Triple Action Toothpaste | 80g,$2.00,$2.50 per 100g
Coles Cotton Wool Tips Paper Stem | 200 pack,$3.00,$0.02 per 1ea
U by Kotex Ultrathin Pads Super With Wings | 12 pack,$3.08,$0.26 per 1ea | Was $4.40
Colgate Total Charcoal Deep Clean Multi Benefit Toothpaste | 115g,$6.50,$5.65 per 100g
Colgate Max Fresh Coolmint Toothpaste | 115g,$3.85,$3.35 per 100g | Was $5.50
U By Kotex Extra Overnight Pads With Wings | 10 pack,$3.00,$0.30 per 1ea | Was $4.40
Swisspers Cotton Round Make Up Pads | 80 pack,$4.10,$0.05 per 1ea
Palmolive Anti-Bacterial Lime Liquid Hand Wash | 250mL,$3.00,$1.20 per 100mL
U by Kotex Designer Series Pads Regular With Wings | 22 pack,$5.14,$0.23 per 1ea | Was $7.35
Oral-B Essential Waxed Dental Floss | 2x50m,$5.60,$0.06 per 1M | Was $7.00
Panadol Optizorb Paracetamol Tablets | 20 pack,$4.00,$0.20 per 1ea | Was $4.20 on Jun 2021
Libra Goodnights Extra Long With Wings Pads | 10 pack,$5.00,$0.50 per 1ea
Colgate Total Advanced Fresh Toothpaste | 115g,$6.50,$5.65 per 100g
Libra Pads Ultra Thin Super Wing | 12 pack,$5.00,$0.42 per 1ea
Coles Cotton Wool Tips Paper Stem | 400 pack,$4.00,$0.01 per 1ea
Colgate Total Multi Benefit Toothpaste | 40g,$2.00,$5.00 per 100g
Tena Active Extra Long Liners | 24 pack,$3.85,$0.16 per 1ea
Listerine Freshburst Antibacterial Mouthwash | 500mL,$4.00,$0.80 per 100mL | Was $8.00
Panadol Paracetamol Liquid Capsules | 20 pack,$5.20,$0.26 per 1ea | Was $5.75
Swisspers Cotton Tips Paperstems | 120 pack,$3.20,$0.03 per 1ea
Coles Antibacterial Hand Wash Sweet Orange | 1L,$3.00,$0.30 per 100mL
Palmolive Anti-Bacterial 2 Hour Defence Hand Wash | 250mL,$3.00,$1.20 per 100mL
Nurofen Zavance Fast Pain Relief Caplets 256mg Ibuprofen | 24 pack,$7.50,$0.31 per 1ea
Dove Beauty Bar Regular | 4 pack,$7.50,$1.88 per 1ea
Colgate Kids Mild Mint Minions Toothpaste | 90g,$2.10,$2.33 per 100g | Was $3.00
Palmolive Milk & Honey Liquid Hand Wash | 250mL,$3.00,$1.20 per 100mL
Colgate Triple Action Toothpaste | 165g,$3.50,$2.12 per 100g
Coles Biodegradable Sensitive 3 In 1 Facial Cleansing Wipes | 30 pack,$1.80,$0.06 per 1ea
,$7.50,$3.00 per 100mL
Neutrogena Makeup Remover Cleansing Towelettes | 25 pack,$8.50,$0.34 per 1ea
Palmolive Anti-Bacterial Foaming Lime & Mint Hand Wash | 250mL,$4.00,$1.60 per 100mL
Colgate Advanced Whitening & Tartar Toothpaste  | 200g,$8.00,$4.00 per 100g
Poise Liners For Bladder Leaks Extra Long | 22 pack,$4.75,$0.22 per 1ea
Nivea Express Hydration Body Lotion | 400mL,$9.00,$2.25 per 100mL
Palmolive Antibacterial Liquid Handwash | 250mL,$3.00,$1.20 per 100mL
Kleenex Anti-Bacterial To-Go Wipes | 15 pack,$2.35,$0.16 per 1ea
Coles Revitalising Ocean Breeze Body Wash | 1L,$4.00,$0.40 per 100mL
Libra Goodnights Ultra Thin Pads | 10 pack,$5.00,$0.50 per 1ea
Nivea Men Cool Kick Aerosol Antiperspirant Deodorant | 250mL,$7.50,$3.00 per 100mL
Panadol Extra Paracetamol 500mg Caplets | 20 pack,$7.20,$0.36 per 1ea
,$6.00,$2.40 per 100mL | Was $6.50 on May 2022
Colgate Sensitive Pro Relief Multiprotection Toothpaste | 110g,$11.00,$10.00 per 100g
Rexona Men Advanced Protection Sport Deodorant | 220mL,$4.25,$1.93 per 100mL | Was $8.50
Libra Regular Ultra Thin Pads | 14 pack,$5.00,$0.36 per 1ea
,$15.00,$12.00 per 100g
Coles Body Wash Guava & Peach | 1L,$4.00,$0.40 per 100mL
Coles Dental Flossers | 30 pack,$1.50,$0.05 per 1ea
Poise Liners For Bladder Leaks Regular | 26 pack,$4.75,$0.18 per 1ea
Colgate Plax Fresh Mint Mouthwash | 500mL,$7.00,$1.40 per 100mL
Dove Nourishing Body Wash Fresh Touch | 1L,$17.00,$1.70 per 100mL
Colgate 360 Degree Medium Toothbrush | 1 pack,$5.00,$5.00 per 1ea
Oral B Pro Health Advanced Deep Clean | 110g,$2.75,$2.50 per 100g | Was $5.50
,$4.25,$1.93 per 100mL | Was $8.50
,$4.00,$8.00 per 100mL
Colgate Total Original Toothpaste | 200g,$5.50,$2.75 per 100g
Colgate Sensitive Pro Relief Whitening Toothpaste | 110g,$11.00,$10.00 per 100g
Coles Liners Regular | 30pack,$1.65,$0.06 per 1ea
U By Kotex Ultrathin Overnight Pads With Wings | 10 pack,$3.08,$0.31 per 1ea | Was $4.40
Elastoplast Flexible Fabric Strips | 40 pack,$4.80,$0.12 per 1ea
,$7.50,$3.00 per 100mL
Nurofen Zavance Fast Pain Relief 200mg Ibuprofen Liquid Capsules | 20 pack,$7.50,$0.38 per 1ea
Nivea Rich Nourishing Body Lotion | 400mL,$9.00,$2.25 per 100mL
Colgate Total Gum Health Toothpaste | 115g,$6.50,$5.65 per 100g
Colgate Max Fresh Coolmint Toothpaste | 200g,$8.00,$4.00 per 100g
Panadol Paracetamol Pain Relief Tablets | 20 pack,$3.70,$0.19 per 1ea
Colgate 360 Degree Soft Toothbrush | 1 pack,$5.00,$5.00 per 1ea
Dove Women Antiperspirant Original | 220mL,$8.50,$3.86 per 100mL
Sensodyne Sensitive Teeth Pain Repair & Protect Whitening Toothpaste | 100g,$12.30,$12.30 per 100g
Palmolive Aromatherapy Hand Wash Pump Sea Minerals | 250mL,$3.00,$1.20 per 100mL
Palmolive Foam Liquid Soap Limited Edition Pump | 250mL,$4.00,$1.60 per 100mL
Nivea Men Everyday Active Aerosol Antiperspirant Deodorant | 250mL,$7.50,$3.00 per 100mL
Libra Exta Regular With Wings Pads | 14 pack,$5.00,$0.36 per 1ea
Palmolive Naturals Balanced & Mild With Chamomile Extracts | 4 pack,$3.50,$0.97 per 100g
Nivea Men Sensitive Protect Aerosol Antiperspirant Deodorant | 250mL,$7.50,$3.00 per 100mL
Libra Extra Super With Wings Pads | 12 pack,$5.00,$0.42 per 1ea
Colgate Total Advanced Clean Toothpaste | 200g,$10.00,$5.00 per 100g
Nivea Body Firming Lotion Q10+ | 400mL,$10.50,$2.63 per 100mL
Hough COVID-19 Home Test | 5 pack,$40.00,$8.00 per 1ea
Coles Liners Long | 26 pack,$1.95,$0.08 per 1ea
,$4.25,$1.93 per 100mL | Was $8.50
Palmolive Naturals Aloe & Olive Soap | 4 pack,$3.50,$0.97 per 100g
Macleans Extreme Clean Lasting Fresh Toothpaste | 170g,$5.00,$2.94 per 100g
,$12.00,$8.57 per 100g
Listerine Freshburst Antibacterial Mouthwash | 1L,$14.00,$1.40 per 100mL
Palmolive Naturals Replenishing Milk & Honey Soap | 4 pack,$3.50,$0.97 per 100g
U by Kotex Extra Pads Super With Wings | 14 pack,$3.08,$0.22 per 1ea | Was $4.40
Panadol Rapid Soluble Tablets for Pain Relief Paracetamol 500mg | 20 pack,$5.75,$0.29 per 1ea
Palmolive Naturals Coconut Body Wash | 500mL,$6.50,$1.30 per 100mL
Palmolive Anti-Stress Shower Gel | 500mL,$6.50,$1.30 per 100mL
Nivea Soft Cream Lotion Moisturiser  + Jojoba Oil & Vitamin E | 200mL,$11.00,$5.50 per 100mL
Oral-B Compact Gum Care Ultrathin Toothbrush Extra Soft | 1 pack,$2.00,$2.00 per 1ea | Was $4.00
Coles Extra Pads Super With Wings | 14 pack,$2.20,$0.16 per 1ea
Mennen Speed Stick Cool Fresh Lady Antiperspirant Deodorant   | 45g,$3.59,$7.98 per 100g | Was $4.49
Band-Aid Tough Strips | 40 pack,$4.80,$0.12 per 1ea | Was $6.00 on Apr 2022
,$7.50,$3.00 per 100mL
Nivea Coconut Indulgent Moisture Shower Gel and Body Wash | 1L,$14.50,$1.45 per 100mL
Coles Cotton Wool Tips Paper Stem | 20 pack,$1.00,$0.05 per 1ea
Coles Extra Pads Regular With Wings | 16 pack,$2.20,$0.14 per 1ea
,$2.50,$0.36 per 1ea
Nivea Hydrocare Moisturising Lip Balm + Shea Butter & SPF15 | 4.8g,$4.50,$93.75 per 100g
Voost Vitamin C 1000mg 20 Blood Orange Effervescent Tablets | 1 pack,$5.40,$5.40 per 1ea | Was $9.00
,$5.60,$5.89 per 100g | Was $8.00
Palmolive Milk And Honey Hand Wash | 1L,$6.00,$0.60 per 100mL
Nurofen Zavance Ibuprofen 200mg Liquid Capsules | 10 pack,$5.00,$0.50 per 1ea
Colgate Zig Zag Value Pack Soft Toothbrush | 6 pack,$10.00,$1.67 per 1ea | Was $11.50 on Feb 2022
Nivea Aloe Vera Moisture Fresh Shower Gel & Body Wash | 1L,$14.50,$1.45 per 100mL
Nivea Men Deep Amazonia Aerosol | 250mL,$7.50,$3.00 per 100mL
Country Life White Fresh Linen Soap | 5 pack,$3.78,$0.84 per 100g
,$4.25,$1.93 per 100mL | Was $8.50
Rexona Women Anti Per spirant Advance Shower Fresh Deodorant | 220mL,$4.25,$1.93 per 100mL | Was $8.50
Coles Nourish Milk & Honey Body Wash | 1L,$4.00,$4.00 per 1L
Dettol Healthy Touch Liquid Antibacterial Instant Hand Sanitiser | 50mL,$3.50,$0.70 per 10mL
Nivea Creme Bar Soap | 200g,$4.00,$2.00 per 100g
,$4.00,$8.00 per 100mL
Dermal Ultra Moisturising Lip Balm | 10g,$6.00,$60.00 per 100g
Palmolive Aloe Vera With Chamomile Hand Wash | 1L,$6.00,$0.60 per 100mL
Carefree Barely There Unscented Panty Liners | 42 pack,$5.00,$0.12 per 1ea
Macleans Extreme Clean White Toothpaste | 170g,$5.00,$2.94 per 100g
Palmolive Men Active Shower Gel | 500mL,$6.50,$1.30 per 100mL
Palmolive Naturals Refreshing Shower Gel | 500mL,$6.50,$1.30 per 100mL
Tena Liners | 30 pack,$3.85,$0.13 per 1ea
Palmolive Raspberry Heavenly Hands Foaming Hand Wash | 250mL,$4.00,$1.60 per 100mL
Nurofen Pain And Inflammation Relief Tablets 200mg Ibuprofen | 12 pack,$4.00,$0.33 per 1ea
Libra Girl Regular Pads | 12 pack,$5.00,$0.42 per 1ea
Palmolive Milk & Honey Shower Gel | 500mL,$6.50,$1.30 per 100mL
Nivea Deo Aero Men Black And White Max Protection | 250mL,$8.50,$3.40 per 100mL
U by Kotex Tampons Regular | 32 pack,$7.00,$0.22 per 1ea
Colgate Sensitive Pro Relief Enamel Repair Toothpaste | 110g,$11.00,$10.00 per 100g
Dove Beauty Bar Regular | 6 pack,$8.80,$1.47 per 1ea
Coles Exfoliating Gloves | 1 pack,$4.00,$4.00 per 1ea
Coles Cotton Balls | 200 pack,$2.00,$0.01 per 1ea
Rexona Womens Invisible Shower Fresh Roll On Deodorant  | 50mL,$2.25,$4.50 per 100mL | Was $4.50
Coles Extra Pads Overnight With Wings | 12 pack,$2.20,$0.18 per 1ea
Advil Liquid Capsules Fast Ibuprofen Pain & Fever Relief | 10 pack,$3.50,$0.35 per 1ea
Carefree Breathable Unscented Panty Liners | 48 pack,$5.50,$0.11 per 1ea
Palmolive Japanese Cherry Blossom Foaming Hand Wash Sanitiser Liquid Refill | 1L,$6.80,$0.68 per 100mL | Was $8.50
Tampax Pearl Compak Regular Tampon With Applicator | 18 pack,$7.50,$0.42 per 1ea
Nurofen Quickzorb Ibuprofen Lysine 342mg Caplets | 24 pack,$9.00,$0.38 per 1ea
Colgate Total Advanced Fresh Multi Benefit Toothpaste | 200g,$10.00,$5.00 per 100g
Colgate Sensitive Pro Relief Repair & Prevent Toothpaste | 110g,$11.00,$10.00 per 100g
Oral-B ALL Rounder Fresh Clean Toothbrush Medium  | 1 pack,$1.50,$1.50 per 1ea | Was $3.00
Oral-B Satin tape Mint dental floss | 25m,$3.16,$0.13 per 1M | Was $3.95
U by Kotex Tampons Mini | 16 pack,$3.18,$0.20 per 1ea | Was $4.55
Wet Ones Be Gentle Anti-Bacterial Hand & Face Wipes | 40 pack,$3.50,$0.09 per 1ea | Was $4.40
Oral B Pro Health Protect Refreshing Clean Toothpaste | 200g,$4.00,$2.00 per 100g | Was $8.00
Elastoplast Extra Tough Waterproof Strips | 16 pack,$4.85,$0.30 per 1ea
,$4.00,$8.00 per 100mL
Imperial Leather Original Toilet Soap | 6 pack,$5.30,$0.88 per 100g
Gillette Blue II UltraGrip Pivot Disposable Shaving Razor | 5 pack,$6.00,$1.20 per 1ea
Libra Original Super Tampons | 16 pack,$4.30,$0.27 per 1ea
Libra Maternity Extra Long With Wings Pads | 10 pack,$5.00,$0.50 per 1ea
Palmolive Naturals Moroccan Argan Oil Conditioning Body Wash | 500mL,$6.50,$1.30 per 100mL
Dove Men Antiperspirant Invisible Dry | 254mL,$8.50,$3.35 per 100mL
Colgate Plax Fresh Mint Mouth Wash | 1L,$12.00,$1.20 per 100mL
Sensodyne Sensitivity & Gum Original Toothpaste | 100g,$12.30,$12.30 per 100g
Swisspers Cotton Round Travel Make Up Pads | 20 pack,$1.50,$0.08 per 1ea
Coles Biodegradable Moisturising 3 In 1 Facial Cleansing Wipes | 30 pack,$1.80,$0.06 per 1ea
Oral B 3D White 2 In 1 Whitening Long Lasting Freshness Paste | 110g,$2.50,$2.27 per 100g | Was $5.00
Coles Ibuprofen Soft Gel Capsules | 20 pack,$2.60,$0.13 per 1ea
U by Kotex Ultrathin Overnight Pads Long With Wings | 8 pack,$3.08,$0.39 per 1ea | Was $4.40
U by Kotex Sport Ultrathin Pads Regular With Wings | 12 pack,$3.43,$0.29 per 1ea | Was $4.90
Scunci Effortless Beauty Knit Pony Wraps | 5 pack,$3.50,$0.70 per 1ea | Was $5.00
,$4.25,$1.93 per 100mL | Was $8.50
Rexona Antiperspirant Women Deodorant Spray Apple Splash | 220mL,$4.25,$1.93 per 100mL | Was $8.50
Listerine FreshBurst Antibacterial Mouthwash | 250mL,$4.40,$1.76 per 100mL | Was $5.50
Tena Lady Normal Pads | 12 pack,$4.41,$0.37 per 1ea
Prize Medal Oatmeal Toilet Soap | 5 pack,$5.00,$1.11 per 100g
Poise Liners For Bladder Leaks Light | 18 pack,$3.30,$0.18 per 1ea
,$7.50,$3.00 per 100mL
Skin Control Pimple Patch Everyday | 36 pack,$9.00,$0.25 per 1ea
Nurofen Zavance Tablets Pain Relief 256mg Ibuprofen | 24 pack,$7.50,$0.31 per 1ea
Poise Pads For Bladder Leaks Regular | 16 pack,$6.00,$0.38 per 1ea
Neutrogena Night Calm Make Up Remover Wipes | 25 pack,$8.50,$0.34 per 1ea
Colgate Total Mint Waxed Dental Floss | 100m,$8.00,$0.08 per 1M
Colgate Multi Benefit Advanced Whitening Toothpaste | 200g,$10.00,$5.00 per 100g
Nivea Shower Gel Monoi Oil & Passionfruit | 1L,$14.50,$14.50 per 1L
Cetaphil Gentle Skin Cleanser | 500mL,$19.00,$3.80 per 100mL
Dove Beauty Bar Sensitive | 4 pack,$7.50,$1.88 per 1ea
Coles Shower Cap | 1 pack,$2.00,$2.00 per 1ea
Oral-B All Rounder Fresh Clean Soft Manual Toothbrush | 1 pack,$1.50,$1.50 per 1ea | Was $3.00
Coles Anti-Bacterial Wipes for Normal Skin | 15 pack,$1.40,$0.09 per 1ea
Oral B Pro Health Advanced Gum Protect Toothpaste | 110g,$2.75,$2.50 per 100g | Was $5.50
Australian Botanical Soap Lemongrass & Lemon Myrtle | 200g,$4.00,$2.00 per 100g
Band-Aid Tough Strips | 20 pack,$4.00,$0.20 per 1ea
Panadol Rapid Caplets | 10 pack,$3.40,$0.34 per 1ea
Nivea Men Deep Roll On Antiperspirant Deodorant | 50mL,$4.00,$8.00 per 100mL
Nivea Pearl & Beauty Roll On Antiperspirant Deodorant | 50mL,$4.00,$8.00 per 100mL
Colgate Total Original Toothpaste | 115g,$4.00,$3.48 per 100g | Was $4.50 on Apr 2022
Nivea Everyday Active Fresh Aerosol Antiperspirant Deodorant | 250mL,$7.50,$3.00 per 100mL
Nivea Men Deep Espresso Aerosol | 250mL,$7.50,$3.00 per 100mL
Colgate Sensitive Whitening Toothpaste | 110g,$9.00,$8.18 per 100g
Hismile Toothpaste Watermelon | 60g,$13.00,$21.67 per 100g
Nivea Soft Cream Travel Mini Lotion Moisturiser + Jojoba Oil & Vitamin E | 50mL,$3.00,$6.00 per 100mL
Colgate Cavity Protection Cool Mint Toothpaste | 180g,$3.50,$1.94 per 100g
Sensodyne Sensitive Teeth Pain Repair & Protect Extra Fresh Toothpaste | 100g,$12.30,$12.30 per 100g
Coles Paracetamol Hard Gel Capsules | 20 pack,$1.25,$0.06 per 1ea
U by Kotex Extra Pads Regular With Wings | 16 pack,$3.00,$0.19 per 1ea | Was $4.40
Mitchum Women's Roll On Powder Fresh Antiperspirant Deodorant | 50mL,$3.52,$7.04 per 100mL | Was $4.40
Grants Of Australia Mild Mint With Aloe Vera Natural Toothpaste | 110g,$3.50,$3.18 per 100g
Oral B Complete 5 Way Clean Soft Toothbrush | 3 pack,$5.00,$1.25 per 1ea | Was $10.00
Nivea Men Cool Kick Roll On Antiperspirant Deodorant | 50mL,$4.00,$8.00 per 100mL
Colgate Slim Soft Charcoal Toothbrush | 1 pack,$3.00,$3.00 per 1ea
Bosistos Waratah Flower Mint & Mandarin Body Wash | 1L,$8.00,$0.80 per 100mL | Was $16.00
Poise Pads For Bladder Leaks Super | 14 pack,$6.00,$0.43 per 1ea
Dove Antiperspirant Pomegranate | 220mL,$8.50,$3.86 per 100mL
Dove Antiperspirant Apple & White Tea | 220mL,$8.50,$3.86 per 100mL
Nivea Body Lotion Cocoa Butter Indulge | 400mL,$9.00,$2.25 per 100mL
Poise Pads For Bladder Leaks Extra Plus | 20 pack,$10.50,$0.53 per 1ea
Colgate Zig Zag Medium Toothbrush Value Pack | 6 pack,$10.00,$1.67 per 1ea | Was $11.50 on Sep 2017
Nivea Rich Moisture Soft Shower Gel & Body Wash | 1L,$14.50,$1.45 per 100mL
Palmolive Luminous Oils Shower Gel | 400mL,$6.00,$1.50 per 100mL
Nivea  Deo Aero Pearl & Beauty Aer | 250mL,$7.50,$3.00 per 100mL
Palmolive Gold Soap | 4 pack,$3.50,$0.97 per 100g
Colgate Mild Mint Gel Bluey Toothpaste | 90g,$2.10,$2.33 per 100g | Was $3.00
Tena Pads Ultra Thin Mini | 20 pack,$4.41,$0.22 per 1ea | Was $6.70
Oral-B Clinical Alcohol Free Flouride Rinse Clean Mint Mouthwash | 500mL,$4.50,$0.90 per 100mL | Was $9.00
Dettol Antibacterial Foam Hand Wash Pump Rose and Cherry | 250mL,$3.50,$1.40 per 100mL
Gillette Shave Foam Sensitive Skin | 330g,$5.00,
Tampax Tampons Super With Applicator | 20 pack,$7.00,$0.35 per 1ea
Libra Invisible Pads Regular Wing | 12 pack,$5.50,$0.46 per 1ea
Stayfree Ultra Thin Regular Pads With Wings | 14 pack,$6.00,$0.43 per 1ea
Garnier Micellar Cleansing Water | 125mL,$7.50,$6.00 per 100mL
Dove Men + Care Antiperspirant Invisible Fresh Deodorant | 254mL,$8.50,$3.35 per 100mL
Neutrogena Beach Defence Sunscreen Spray SPF 50 | 184g,$20.00,$10.87 per 100g
Aveeno Daily Moisturising Body Wash | 1L,$26.00,$2.60 per 100mL
Listerine Freshburst Zero Mouthwash | 1L,$14.00,$1.40 per 100mL
Coles Para Rapid | 20 pack,$3.00,$0.15 per 1ea
U by Kotex Sport Liners | 30 pack,$2.73,$0.09 per 1ea | Was $3.90
Nature's Organics Fruits Apple Fresh Shampoo | 500mL,$2.00,$0.40 per 100mL
Sanofi Shave Cream - Moisturising Shaving Cream | 75g,$2.50,$3.33 per 100g
Oral B Pro Health All Around Protect Toothpaste | 200g,$4.00,$2.00 per 100g | Was $8.00
Rexona Men Antiperspirant Aerosol Advanced Invisible Ice Fresh | 220mL,$4.25,$1.93 per 100mL | Was $8.50
Dettol Soap Bar Citrus Fresh | 3 pack,$4.90,$1.63 per 1ea
Colgate Regular Pump Toothpaste | 130g,$6.00,$4.62 per 100g
Nivea Men Stress Protect Aerosol Antiperspirant Deodorant | 250mL,$7.50,$3.00 per 100mL
Garnier Hydrabomb Tissue Mask Pomegranate | 28g,$7.00,$25.00 per 100g
Vicks Vapodrop Original Menthol Lozenges | 42 pack,$8.00,$0.19 per 1ea
Schick Xtreme 3 Disposable Razors for Women | 4 pack,$5.50,$1.38 per 1ea
Dove Antiperspirant Acai Waterlily | 220mL,$8.50,$3.86 per 100mL
,$6.50,$0.33 per 1ea
Sensodyne Sensitive Daily Care Toothbrush | 3 pack,$10.50,$3.50 per 1ea
Dove Rejuvenate Pomegranate Body Wash | 1L,$17.00,$1.70 per 100mL
Libra Liners Dry & Long | 30 pack,$3.50,$0.12 per 1ea
Coles Double Sided Nail Brush | 1 pack,$2.00,$2.00 per 1ea
Coles Nail Polish Remover Acetone | 125mL,$2.80,$2.24 per 100mL
Oral-B Advantage Complete Whitening Toothbrush Medium | 1 pack,$2.00,$2.00 per 1ea | Was $4.00
Palmolive Cherry Blossom Hand Sanitiser | 48mL,$2.50,$5.21 per 100mL
Oral B Pro Health Advanced All Round Protection Toothpaste | 110g,$2.75,$2.50 per 100g | Was $5.50
Coles Denture Cleaner Tablets | 48 pack,$3.50,$0.07 per 1ea
Rexona Advanced Watermelon | 220mL,$4.25,$1.93 per 100mL | Was $8.50
Carefree Barely There G-String Unscented Panty Liners | 24 pack,$3.50,$0.15 per 1ea
Pears Transparent Soap | 3 pack,$4.80,$1.60 per 1ea | Was $7.20
Oral-B Complete Clean 5 Way Toothbrush | 3 pack,$5.00,$1.67 per 1ea
Oral B Gum Care & Bacteria Defence Toothpaste | 110g,$5.00,$4.55 per 100g | Was $10.00
Colgate Zig Zag Flex Soft Toothbrush | 1 pack,$3.00,$3.00 per 1ea
Blistex Lip Balm Conditioning | 4.25g,$4.00,$94.12 per 100g
Red Seal Herbal Mint Toothpaste | 110g,$4.50,$4.09 per 100g
Nivea Men Shaving Foam for Sensitive Skin | 200mL,$6.00,$3.00 per 100mL
Nivea Men Shaving Gel for Sensitive Skin | 200mL,$6.50,$3.25 per 100mL
Schick Xtreme 3 Sensitive with Aloe Disposable Razor | 4 pack,$5.30,$1.33 per 1ea
Libra Extra Regular Pads | 14 pack,$5.00,$0.36 per 1ea
Rexona Men Antiperspirant Aerosol Deodorant Original | 250mL,$6.00,$2.40 per 100mL | Was $6.50 on May 2022
Dove Men Antiperspirant Deodorant Extra Fresh | 254mL,$8.50,$3.35 per 100mL
Nivea Body Lotion Aloe Vera | 400mL,$9.00,$2.25 per 100mL
Nivea Irresistibly Smooth Body Lotion Moisturiser + Shea Butter | 400mL,$9.00,$2.25 per 100mL
Sensodyne Sensitivity Gum Extra Fresh Toothpaste | 100g,$12.30,$12.30 per 100g
Sensodyne Sensitive Teeth Pain Complete Care Toothpaste | 100g,$12.30,$12.30 per 100g
Gillette Sensor 3 Comfort Disposable Razors | 8 pack,$12.50,$1.56 per 1ea
Coles Toothbrush Case | 1 pack,$1.15,$1.15 per 1ea
Coles Antibacterial Hand Wash Sweet Orange | 250mL,$2.00,$0.80 per 100mL
Coles Medistrips Waterproof Strips | 20 pack,$2.15,$0.11 per 1ea
Rexona Men Sport Antiperspirant Roll On Deodorant | 50mL,$2.25,$4.50 per 100mL | Was $4.50
Rexona Women Antiperspirant Roll On Deodorant Classic | 50mL,$2.25,$4.50 per 100mL | Was $4.50
Piksters Eco Charcoal Floss Picks | 30 pack,$2.50,$0.08 per 1ea | Was $3.50
Oral B Pro Health Advance Whitening | 110g,$2.75,$2.50 per 100g | Was $5.50
Mitchum Women's Roll On Shower Fresh Antiperspirant Deodorant | 50mL,$3.52,$7.04 per 100mL | Was $4.40
Swisspers Cotton Balls | 200 pack,$3.80,$1.90 per 100ea
Kleenex Anti-Bacterial To-Go Wipes | 40 pack,$4.00,$0.10 per 1ea | Was $4.70
Rexona Men Antiperspirant Aerosol Advanced Extra Cool Deodorant | 220mL,$4.25,$1.93 per 100mL | Was $8.50
Dettol Antibacterial Liquid Hand Wash Pump Raspberry | 250mL,$2.80,$1.12 per 100mL
Oral B 3D White Luxe Glamorous White | 95g,$4.50,$4.74 per 100g | Was $9.00
L'Oreal Elvive Colour Protect Shampoo | 300mL,$4.50,$1.50 per 100mL | Was $8.00
Pikster Interdental Brush Size 1 Small | 10 pack,$4.90,$0.49 per 1ea
Vo5 Styling Gel Wet Look | 175mL,$4.00,$2.29 per 100mL | Was $4.60 on Jan 2021
Velvet Pure Soap | 4 pack,$4.90,$1.23 per 1ea
Dettol Rose & Cherry In Bloom Foam Hand Wash Refill | 900mL,$6.30,$0.70 per 100mL | Was $10.50
Dettol Sapoderm Hygienic Bar Soap Cleanser for Acne | 375g,$5.00,$1.33 per 100g
Palmolive Luminous Oil Moroccan Argan Oil & Camellia Shampoo | 350mL,$6.00,$1.71 per 100mL
Libra Invisible Pads Goodnight | 8 pack,$5.50,$0.69 per 1ea
Bosistos Banksia Nerolina & Lavender Body Wash Pump | 1L,$8.00,$0.80 per 100mL | Was $16.00
Garnier Hydrabomb Tissue Mask Green Tea | 28g,$7.00,$25.00 per 100g
Dettol Profresh Shower Gel Body Wash Peach and Raspberry | 950mL,$8.75,$0.92 per 100mL | Was $12.50
Tampax Regular Tampons With Applicator | 20 pack,$7.00,$0.35 per 1ea
Pantene  Daily Moisture Renewal Conditioner | 375mL,$9.00,$2.40 per 100mL
Dove Men Antiperspirant Deodorant Clean Comfort | 254mL,$8.50,$3.35 per 100mL
Palmolive Naturals Cherry Blossom Shower Gel  | 1.8L,$12.00,$0.67 per 100mL | Was $14.00
Palmolive Naturals Body Wash Anti Stress | 1.8L,$12.00,$0.67 per 100mL | Was $14.00
Nyal Decongested Nasal Spray | 15mL,$9.00,$60.00 per 100mL
Libra Goodnights Ultra Thin Value Pack Pads | 20 pack,$8.50,$0.43 per 1ea | Was $9.10 on Nov 2022
Dettol Instant Hand Sanitiser Pump | 500mL,$14.95,$2.99 per 100mL
Nivea Sun SPF 50+ Protect & Moisture Sunscreen Lotion | 400mL,$23.00,$5.75 per 100mL
Libra Liners Active Protect | 30 pack,$3.50,$0.12 per 1ea
Neutrogena Ultra Sheer Face Lotion Sunscreen SPF 50 | 88mL,$18.00,$20.45 per 100mL
Brut Antiperspirant Deodorant Original | 130g,$7.50,$5.77 per 100g
Redwin Sorbolene Moisturise | 1.1L,$11.00,$1.00 per 100mL
Oral-B Frozen Kids Toothpaste With Sugar Shield  3+ Years | 92g,$1.75,$1.90 per 100g | Was $3.50
Coles Mint Dental Floss 50m | 1 each,$3.00,$3.00 per 1ea
,$2.25,$4.50 per 100mL | Was $4.50
Coles Foaming Hand Wash Lime & Mint Antibacterial | 250mL,$2.40,$0.96 per 100mL
Coles Foaming Hand Wash Raspberry | 250mL,$2.40,$0.96 per 100mL
Coles Foaming Hand Wash Passionfruit | 250mL,$2.40,$0.96 per 100mL
Macleans Little Teeth Kids Toothpaste 4-6 Years | 63g,$2.00,$3.17 per 100g
U by Kotex Sport Tampons Regular | 16 pack,$3.74,$0.23 per 1ea | Was $5.35
,$4.00,$0.80 per 100mL | Was $8.00
Rexona Men Antiperspirant Aerosol Advanced Turbo Deodorant | 220mL,$4.25,$1.93 per 100mL | Was $8.50
Australian Botanical Bar Soap Goat Milk & Soya Bean Oil | 200g,$4.00,$2.00 per 100g
L'Oreal Elvive Extraordinary Oils Shampoo | 300mL,$4.50,$1.50 per 100mL | Was $8.00
L'Oreal Paris Elvive Hyaluron Plump Shampoo | 300mL,$4.50,$1.50 per 100mL | Was $8.00
Oral B Sensitivity & Gum Extra Fresh Breath Toothpaste | 90g,$5.00,$5.56 per 100g | Was $10.00
Nivea Sensitive Protect Roll On Antiperspirant Deodorant | 50mL,$4.00,$8.00 per 100mL
Nivea Men Sensitive Protect Antiperspirant Roll On Deodorant | 50mL,$4.00,$8.00 per 100mL
Femfresh Daily Wash | 250mL,$5.50,$2.20 per 100mL | Was $7.00
Palmolive Lime & Mint Foaming Liquid Hand Wash Refill | 1L,$6.80,$0.68 per 100mL | Was $8.50
Hydralyte Tablets Orange | 10 pack,$6.90,$0.69 per 1ea | Was $8.40
Hydralyte Effervescent Strawberry Kiwi Tablet | 10 pack,$6.90,$0.69 per 1ea | Was $8.40
Tampax Pearl Compak Super Tampons With Applicator | 18 pack,$7.50,$0.42 per 1ea
Bosistos Kakadu Plum & Lemon Myrtle Body Wash Pump | 1L,$8.00,$0.80 per 100mL | Was $16.00
Nivea Men Deep Aerosol Antiperspirant Deodorant | 250mL,$7.50,$3.00 per 100mL
Pantene  Repair & Protect Shampoo | 375mL,$9.00,$2.40 per 100mL
Dove Men Antiperspirant Aerosol Clean Comfort Zero Aluminium | 200mL,$8.50,$4.25 per 100mL
Rexona Men Antiperspirant Sport Fresh | 250mL,$6.00,$2.40 per 100mL | Was $6.50 on May 2022
Colgate Sensitive Multiprotection Toothpaste | 110g,$9.00,$8.18 per 100g
U by Kotex Tampons Super | 32 pack,$7.00,$0.22 per 1ea
Libra Regular Tampons | 32 pack,$7.00,$0.22 per 1ea | Was $7.60 on Nov 2022
Nivea Body Lotion Coconut & Monoi Oil | 400mL,$10.50,$2.63 per 100mL
Glow Lab Coconut & Sandalwood Body Wash | 900mL,$18.00,$2.00 per 100mL
Gillette Mach3+ Razor | 1 each,$13.00,$13.00 per 1ea
Pantene Pro-V Daily Moisture Renewal Shampoo | 900mL,$19.00,$2.11 per 100mL
Gaviscon Dual Action Liquid | 600mL,$18.50,$3.08 per 100mL
Aveeno Daily Moisturising Body Lotion | 1L,$30.00,$3.00 per 100mL
Coles Antibacterial Hand Wash Lime Fresh | 250mL,$2.00,$0.80 per 100mL
Coles Nail Polish Remover Non Acetone | 125mL,$2.80,$2.24 per 100mL
,$2.25,$4.50 per 100mL | Was $4.50
U by Kotex Sport Tampons Super | 16 pack,$3.74,$0.23 per 1ea | Was $5.35
Tena Ultimate Coverage Ultra Long Liners | 22 pack,$3.85,$0.18 per 1ea
Nivea Repair & Protect Moisturising Lip Balm + SPF15 | 4.8g,$4.50,$93.75 per 100g
Dettol Anti-Bacterial Lime & Orange Foam Hand wash Pump | 250mL,$3.50,$1.40 per 100mL
Rexona Clinical Protection Summer Strength | 180mL,$5.50,$3.06 per 100mL | Was $11.00
Dettol Antibacterial Liquid Hand Wash Refresh Refill | 950mL,$6.00,$0.63 per 100mL | Was $10.00
Nivea Pearl & Beauty Aerosol Antiperspirant Deodorant | 150mL,$5.00,$3.33 per 100mL
Libra Invisible Pads Super Wing | 10 pack,$5.50,$0.55 per 1ea
Gaviscon Dual Action Mixed Berry Tablets | 16 pack,$6.50,$0.41 per 1ea
Gillette Sensitive Skin Soothing Aloe Vera Shave Gel | 195g,$7.00,$3.59 per 100g
,$6.00,$0.38 per 1ea | Was $7.00 on Nov 2022
Libra Girl Goodnight Pads With Wings | 10 pack,$5.00,$0.50 per 1ea
Colgate Slim Soft Advance Gold Manual Toothbrush | 1 pack,$6.00,$6.00 per 1ea
Garnier Hydrabomb Tissue Mask Sakura | 28g,$7.00,$25.00 per 100g
Dove Daily Care Shampoo | 320mL,$7.70,$2.41 per 100mL
Colgate Plax Peppermint Dental Mouthwash | 500mL,$7.00,$1.40 per 100mL
Poise Pads For Bladder Leaks Extra | 12 pack,$6.00,$0.50 per 1ea
Nivea 3 In 1 Gentle Cleansing Facial Wipes Dry & Sensitive Skin | 25 pack,$8.00,$0.32 per 1ea
Sukin Botanical Body Wash Pineapple & Coconut | 500mL,$9.95,$1.99 per 100mL
Sukin Arkie Hand Wash | 500mL,$9.95,$1.99 per 100mL
Zyrtec Hayfever Rapid Acting Antihistamine & Allergy Mini Tablets | 10 pack,$11.20,$1.12 per 1ea | Was $14.00
Gillette Venus Comfort Glide White Tea Disposable Razors | 2 pack,$10.00,$5.00 per 1ea
Gillette Venus Sensitive Disposable Razors | 3 pack,$11.50,$3.83 per 1ea
Sensodyne Sensitive Teeth Pain Repair & Protect Fluoride Toothpaste | 100g,$12.30,$12.30 per 100g
Colgate Advanced Whitening Charcoal Toothpaste | 180g,$8.00,$4.44 per 100g
Caredent Eeziflossers | 24 pack,$2.60,$0.11 per 1ea | Was $3.00
Dove Beauty Bar Sensitive | 6 pack,$8.80,$1.47 per 1ea
Rexona Men Original Roll On Deodorant | 50mL,$2.25,$4.50 per 100mL | Was $4.50
U by Kotex Cotton Liners | 26 pack,$2.73,$0.11 per 1ea | Was $3.90
Coles Mint Fresh Mouthwash | 500mL,$2.20,$0.44 per 100mL
Coles White Petroleum Jelly | 200g,$2.75,$1.38 per 100g
Macleans Milk Teeth Kids Toothpaste 0-3 Years | 63g,$2.00,$3.17 per 100g
U by Kotex Sport Ultrathin Pads Super With Wings | 10 pack,$3.43,$0.34 per 1ea | Was $4.90
U by Kotex Cotton Ultrathin Pads Overnight With Wings | 8 pack,$3.43,$0.43 per 1ea | Was $4.90
Schick Hydro Sensitive Gel | 198g,$3.50,$1.77 per 100g | Was $7.00
Coles Medistrips Plastic Strips | 100 pack,$2.20,$0.02 per 1ea
Colgate Great Regular Flavour Toothpaste | 90g,$2.00,$2.22 per 100g
Palmolive Coconut Body Butter Shower Scrub | 400mL,$4.00,$1.00 per 100mL
Grants Of Australia Whitening Spearmint Toothpaste | 110g,$4.30,$3.91 per 100g
Tena Pads Mini Plus | 16 pack,$4.41,$0.28 per 1ea
Sunsilk Addictive Brilliant Shine Shampoo | 350mL,$4.55,$1.30 per 100mL | Was $6.50
Coles Cetirizine Rapid 10Mg Tablets | 10 pack,$6.00,$0.60 per 1ea
Coles Paw Paw Ointment | 25g,$2.55,$10.20 per 100g
Schick Xtreme 3 Sensitive Disposable Razor with Aloe | 10 pack,$5.00,$0.50 per 1ea | Was $10.00
Oral B Sensitivity & Gum Gentle White Toothpaste | 90g,$5.00,$5.56 per 100g | Was $10.00
Band-Aid Waterproof Tough Strips | 20 pack,$4.50,$0.23 per 1ea
Palmolive Body Wash Luminous Oil Invigorating | 750mL,$5.50,$0.73 per 100mL | Was $11.00
Palmolive Body Wash Luminous Oil Coconut & Frangipani | 750mL,$5.50,$0.73 per 100mL | Was $11.00
Libra Goodnight Extra Long & Wide | 6 pack,$5.00,
Carefree Long Liners | 30 pack,$5.00,$0.17 per 1ea
Norsca Aluminium Free Anti-Perspirant Roll On Deodorant | 50mL,$5.00,$10.00 per 100mL
Colgate Blue Minty Gel Toothpaste | 165g,$3.50,$2.12 per 100g
Libra Original Regular Tampons | 16 pack,$4.30,$0.27 per 1ea
Nurofen Ibuprofen 200mg Tablets Pain Relief | 24 pack,$6.50,$0.27 per 1ea
Batiste Coconut & Exotic Tropical Dry Shampoo | 200mL,$8.00,$4.00 per 100mL | Was $12.00
Clairol Natural Instincts 5 Hazelnut Medium Brown Hair Colour | 1 pack,$8.00,$8.00 per 1ea | Was $16.00
Carefree Flexia Fragrance Free Super Tampons With Wings | 16 pack,$6.00,$0.38 per 1ea
Listerine Mouthwash Total Care | 250mL,$7.00,$2.80 per 100mL
Nivea  Men Shave Gel One Stroke | 200mL,$6.50,$3.25 per 100mL
Pantene Daily Moisture Renewal Shampoo | 375mL,$9.00,$2.40 per 100mL
Dove Women Antiperspirant Invisible Dry | 220mL,$8.50,$3.86 per 100mL
Nivea Facial Wipes Normal | 25 pack,$8.00,$0.32 per 1ea
Colgate Total Charcoal Deep Clean Toothpaste | 200g,$10.00,$5.00 per 100g
Colgate Total Gum Health Toothpaste | 200g,$10.00,$5.00 per 100g
Aveeno Intense Relief Hand Cream | 100g,$11.50,$11.50 per 100g
Libra Super Tampons | 32 pack,$7.00,$0.22 per 1ea | Was $7.60 on Nov 2022
Polident 3 Minute Daily Cleanser For Denture | 66 pack,$10.00,$0.15 per 1ea
Dove Glowing Mango Body wash | 1L,$17.00,$1.70 per 100mL
Nivea Sun SPF 50+ Sunscreen Spray Ultra Sport | 300mL,$23.00,$7.67 per 100mL
Cetaphil Daily Exfoliating Face Cleanser | 178mL,$19.00,$10.67 per 100mL
Vaseline Petroleum Jelly Original | 100g,$5.50,$5.50 per 100g
OC Naturals Antibacterial Lemongrass & Ginger Hand Wash | 500mL,$5.00,$1.00 per 100mL
Coles Hand Wash Milk & Honey | 250mL,$2.00,$0.80 per 100mL
Beach Road Naturals Lemon Myrtle & Australian Bush Honey Castile Body Bar | 150g,$2.10,$1.40 per 100g | Was $3.50
Beach Road Natural Lavender & Camomile Castile Body Bar | 150g,$2.10,$1.40 per 100g | Was $3.50
Pantene Daily Moisture Renewal Shampoo | 90mL,$3.00,$3.33 per 100mL
Pantene Daily Moisture Renewal Conditioner | 90mL,$3.00,$3.33 per 100mL
Mitchum Men's Roll On Sport Antiperspirant Deodorant | 50mL,$3.52,$7.04 per 100mL | Was $4.40
Beckham Intimately Deodorant Body Spray | 150mL,$4.00,$2.67 per 100mL | Was $8.00
Rexona Antiperspirant Coconut | 220mL,$4.25,$1.93 per 100mL | Was $8.50
Nivea Watermelon Shine Lip Balm | 4.8g,$4.50,$93.75 per 100g
Colgate Plax Fresh Mint Mouthwash | 250mL,$4.50,$1.80 per 100mL
Colgate Total Mint Stripe Multi Benefit Toothpaste | 200g,$5.50,$2.75 per 100g
Original Source Vanilla & Raspberry Shower Gel | 250mL,$5.00,$2.00 per 100mL
Original Source Tingly Mint & Tea Tree Shower Gel | 250mL,$5.00,$2.00 per 100mL
Coles Epsom Salts | 1kg,$6.00,$6.00 per 1kg
Carefree Original Unscented Panty Liners | 30 pack,$5.00,$0.17 per 1ea
Carefree Original Unscented Panty Liners | 48 pack,$5.50,$0.11 per 1ea
Cutex Strengthening Nail Polish Remover | 100mL,$4.80,$0.48 per 10mL
Coles SPF 50+ Sunscreen Ultra Sensitive | 200mL,$5.00,$2.50 per 100mL
Carefree Barely There Aloe Panty Liners | 42 pack,$5.00,$0.12 per 1ea
Carefree Flexia Fragrance Free Regular Tampons With Wings | 16 pack,$6.00,$0.38 per 1ea
Palmolive Body Wash Lum Oil Jojaba & Orange Blossom | 400mL,$6.00,$1.50 per 100mL
Stayfree Ultra Thin All Nights Pads With Wings | 10 pack,$6.00,$0.60 per 1ea
Lux Soap Bar White Soft Caress | 8 pack,$5.50,$0.69 per 1ea
Quick-Eze Antacid Original Tablets | 5 pack,$7.50,$0.13 per 1ea
Johnson's Daily Essentials Facial Cleansing Wipes Normal Skin | 25 pack,$7.20,$0.29 per 1ea
Head & Shoulders Shampoo Dry Scalp | 660mL,$9.50,$1.44 per 100mL | Was $19.00
Head & Shoulders Clean & Balanced Shampoo | 660mL,$9.50,$1.44 per 100mL | Was $19.00
Poise Pads For Bladder Leaks Extra Plus | 10 pack,$6.00,$0.60 per 1ea
Depend Real Fit Incontinence Underwear Regular Women Medium | 8 pack,$10.24,$1.28 per 1ea
Listerine Total Care Antibacterial Mouthwash | 500mL,$10.00,$2.00 per 100mL
Reef Coconut Sun Tan Oil | 125mL,$13.50,$10.80 per 100mL
Sensodyne Sensitive Teeth Pain Daily Care + Whitening Toothpaste | 110g,$9.70,$8.82 per 100g
,$12.00,$14.12 per 100g
Palmolive Men Active Shower Gel | 1L,$10.00,$1.00 per 100mL | Was $12.00 on May 2022
Cetaphil Moisturising Lotion | 250mL,$12.50,$5.00 per 100mL
Vaseline Intensive Care Aloe Soothe Body Lotion | 750mL,$16.00,$2.13 per 100mL
Cetaphil Moisturising Lotion | 500mL,$19.00,$3.80 per 100mL
Cetaphil UV Defence Moisturiser SPF50+ | 50mL,$24.00,$48.00 per 100mL
Banana Boat SPF 50+ Sunscreen Sport | 400g,$26.00,$6.50 per 100g
Dove Beauty Bar Regular | 2 pack,$4.20,$2.10 per 1ea
Dove Beauty Bar Shea Butter | 2 pack,$4.20,$2.10 per 1ea
Rexona Men's Antiperspirant Aerosol Deodorant Quantum | 250mL,$6.00,$2.40 per 100mL | Was $6.50 on May 2022
Coles Thin Black Ponytailers | 28 pack,$5.60,$0.20 per 1ea
Oral-B Stages 3 Toothbrush 5-7 Years | 1 pack,$1.77,$1.77 per 1ea | Was $3.55
Beach Road Naturals Sandalwood- Germanium & Bergamot Body Bar | 150g,$2.10,$1.40 per 100g | Was $3.50
Beach Road Natural Paw Paw Extract Castile Body Bar | 150g,$2.10,$1.40 per 100g | Was $3.50
Natures Commonscents Goats Milk Soap | 100g,$2.20,$2.20 per 100g
Dettol Instant Hand Sanitiser Clip | 50mL,$3.20,$6.40 per 100mL | Was $4.00
Cottons Organic Ultra Thin Pads Regular | 14 pack,$3.25,$0.23 per 1ea | Was $5.50
Dettol 2 in 1 Hands and Surfaces Antibacterial 15 Wipes | 1 pack,$3.00,$3.00 per 1ea
Dettol Antibacterial Liquid Hand Wash Pump Aloe Vera and Vitamin E | 250mL,$2.80,$1.12 per 100mL
Bosistos Banksia Flower & Lavender Hand Wash Pump | 500mL,$4.50,$0.90 per 100mL | Was $9.00
Oral B Cross Action Charcoal Toothbrush | 2 pack,$4.50,$1.50 per 1ea | Was $9.00
Sunsilk Addictive Brilliant Shine Conditioner | 350mL,$4.55,$1.30 per 100mL | Was $6.50
Velvet Sorbolene Soap | 2 pack,$4.30,$2.15 per 1ea
Voost Energy Orange & Mango 20 Effervescent Tablets | 1 pack,$5.40,$5.40 per 1ea | Was $9.00
Femfresh Pure & Gentle For Sensitive Skin Intimate Care | 250mL,$5.50,$2.20 per 100mL | Was $7.00
Tresemme Hairspray Salon Finish Extra Hold | 75g,$4.00,$5.33 per 100g
Gillette Daisy Classic Shaving Razors | 5 pack,$5.00,$1.00 per 1ea
Quick-Eze Chewy Peppermint Antacid Tablets | 3 pack,$6.60,$5.45 per 100g
Schwarzkopf Taft Super Hold Styling Gel | 250g,$5.00,$2.00 per 100g | Was $5.50 on Jul 2022
Nivea Men Protect & Care Moisturising Shaving Foam + Aloe Vera | 200mL,$6.00,$3.00 per 100mL
L'Oreal Men Expert Total Clean Gel | 300mL,$6.50,$2.17 per 100mL
Norsca Ultra Protection Antiperspirant Forest Fresh Deodorant | 245mL,$7.50,$3.06 per 100mL
﻿Skyn Original Condoms  | 10 Pack,$9.00,$0.90 per 1ea | Was $10.50
Palmolive Vanilla & Sweet Almond Foaming Hand Wash | 400mL,$7.00,$1.75 per 100mL
Colgate Plax Premium Gentle Mint Mouthwash | 500mL,$7.00,$1.40 per 100mL
Palmolive Naturals Milk & Honey Shower Gel | 1.8L,$12.00,$0.67 per 100mL | Was $14.00
Nivea Sun SPF 50+ Kids Caring Roll On Sunscreen Lotion | 65mL,$12.00,$18.46 per 100mL
Sensodyne Sensitive Teeth Pain Daily Care Extra Fresh Toothpaste | 110g,$9.70,$8.82 per 100g
Palmolive Milk & Honey Shower Gel | 1L,$10.00,$1.00 per 100mL | Was $12.00 on May 2022
Palmolive Anti-Stress Shower Gel | 1L,$10.00,$1.00 per 100mL | Was $12.00 on May 2022
Cetaphil Gentle Skin Cleanser | 250mL,$10.50,$4.20 per 100mL
Tena Maxi Night Pads | 14 pack,$10.00,$0.71 per 1ea | Was $10.80 on Nov 2022
Cenovis Sugarless Vitamin C 500mg Tablets For Immunity | 160 pack,$12.95,$0.08 per 1ea
Dove Nourishing Secrets Restoring Coconut Body Wash | 1L,$17.00,$17.00 per 1L
Claratyne Allergy Hayfever Relief Antihistamine Tablets | 10 pack,$12.60,$1.26 per 1ea
Pantene Pro-V Classic Clean Shampoo | 900mL,$19.00,$2.11 per 100mL
Gillette Venus Deluxe Smooth Sensitive Women's Razor +2 Blade | 1 pack,$17.50,$17.50 per 1ea
Bic Flex 3 Men's Disposable Razor | 4 pack,$6.20,$1.55 per 1ea
Palmolive Luminous Oils Liquid Hand Wash Coconut | 500mL,$7.00,$1.40 per 100mL
Colgate Kids Junior Bluey Manual Soft Toothbrush | 1 each,$3.50,$3.50 per 1ea
Rexona Anti Persp Deodorant Cotton | 250mL,$6.00,$2.40 per 100mL | Was $6.50 on May 2022
OC Naturals Blood Orange & Bergamot Hand Wash | 500mL,$5.00,$1.00 per 100mL
Colgate 360 Advanced Medium Toothbrush | 4 pack,$18.00,$4.50 per 1ea
Libra Liners Active Protect | 50 pack,$5.00,$0.10 per 1ea
Colgate Savacol Original Mouthwash | 300mL,$10.00,$3.33 per 100mL
Coles Anti Bacterial Hand And Body Wipes | 40 pack,$3.20,$0.08 per 1ea
L'Oreal Elnett Normal Strength Hair Spray | 75mL,$2.75,$3.67 per 100mL | Was $5.50
Poise Liners For Bladder Leaks Extra Light | 10 pack,$2.20,$0.22 per 1ea
The Goat Skincare Original Soap Bar | 100g,$2.00,$2.00 per 100g | Was $3.00 on Sep 2022
Coles Heavy Duty Fabric Strips | 40 pack,$3.60,$0.09 per 1ea
Coles Tampons Regular | 32 pack,$3.75,$0.12 per 1ea
Listerine Citrus Fruit Mouthwash | 500mL,$4.00,$0.80 per 100mL | Was $8.00
Listerine Freshburst Zero Mouthwash | 500mL,$4.00,$0.80 per 100mL | Was $8.00
Listerine Zero Alcohol Antibacterial Mouthwash Less Intense Taste | 500mL,$4.00,$0.80 per 100mL | Was $8.00
Rexona Men Advanced Antiperspirant Deodorant Lemon Crush | 220mL,$4.25,$1.93 per 100mL | Was $8.50
Band Aid XL Fabric Tough Strips | 10 pack,$4.00,$0.40 per 1ea
,$6.00,$6.76 per 100mL
,$6.00,$6.76 per 100mL
Dove Body Wash Deeply Nourishing | 100mL,$3.50,$3.50 per 100mL
Oral B 3D White Luxe Perfection | 95g,$4.50,$4.74 per 100g | Was $9.00
L'Oreal Elvive Dream Lengths Shampoo | 300mL,$4.50,$1.50 per 100mL | Was $8.00
L'Oreal Elvive Dream Lengths Conditioner | 300mL,$4.50,$1.50 per 100mL | Was $8.00
L'Oreal Elvive Extraordinary Oils Conditioner | 300mL,$4.50,$1.50 per 100mL | Was $8.00
Pikster Interdental Brush Size 3 Medium | 10 pack,$4.90,$0.49 per 1ea
Oral B Gum Care & Breath Purify Toothpaste | 110g,$5.00,$4.55 per 100g | Was $10.00
Band-Aid Waterproof Tough Strips Extra Large | 10 pack,$4.95,$0.50 per 1ea
Rexona Clinical Protection Shower Clean Antiperspirant Deodorant | 180mL,$5.50,$3.06 per 100mL | Was $11.00
Femfresh Wash Soothing | 250mL,$5.50,$2.20 per 100mL | Was $7.00
Norsca Forest Fresh Antiperspirant Roll On Deodorant | 50mL,$4.30,$8.60 per 100mL
Dove Women Antiperspirant Roll On Deodorant Original | 50mL,$4.50,$9.00 per 100mL
Herbal Essences Bio Renew Morocco Argan Oil Shampoo | 400mL,$6.00,$1.50 per 100mL
Schick Hydro Silk Disposable Razors Touch Up | 3 pack,$6.00,$2.00 per 1ea | Was $12.00
Palmolive Lime Hand Wash | 1L,$6.00,$0.60 per 100mL
Palmolive Original Hand Wash | 1L,$6.00,$0.60 per 100mL
Dry Idea Sport Aerosol Deodorant For Men | 150g,$2.50,$1.67 per 100g
Colgate Whitening & Tartar Pump Toothpaste | 130g,$7.20,$5.54 per 100g | Was $9.00
Advil Tablets 200mg Ibuprofen Pain & Fever Relief | 24 pack,$4.50,$0.19 per 1ea
Nivea Men Everyday Active Fresh Aerosol Antiperspirant Deodorant | 250mL,$7.50,$3.00 per 100mL
Dettol Profresh Shower Gel Body Wash Lemon and Lime | 950mL,$8.75,$0.92 per 100mL | Was $12.50
Colgate 2 in 1 Liquid Gel Whitening Toothpaste & Mouthwash | 130g,$6.50,$5.00 per 100g
Difflam Honey & Lemon Flavour Regular Lozenges  | 16 pack,$6.50,$0.41 per 1ea
Colgate Travel Pack | 1 pack,$9.00,$9.00 per 1ea
First Response Pregnancy Test Instream | 1 pack,$9.00,$9.00 per 1ea
Booby Tape Nude 5m | 1 pack,$11.00,$11.00 per 1ea | Was $22.00
Dove Shampoo Daily Care | 820mL,$11.90,$1.45 per 100mL | Was $17.00
Health Basics Skin IQ Body Wash Skin Relief | 1L,$12.00,$12.00 per 1L | Was $15.00
Hismile Toothpaste Peach Iced | 60g,$13.00,$21.67 per 100g
Berocca Energy Vitamin Original Berry 30 Effervescent Tablets | 1 Pack,$13.84,$46.13 per 100ea | Was $17.30
Simple Kind To Skin Facial Cleansing Wipes 2x25 Pack | 50 Pack,$12.00,$0.24 per 1ea
Palmolive Pomegranate & Mango Shower Gel | 1L,$10.00,$1.00 per 100mL | Was $12.00 on May 2022
Palmolive Chery Blossom Shower Gel | 1L,$10.00,$1.00 per 100mL | Was $12.00 on May 2022
Sensodyne Sensitive Rapid Relief Extra Fresh Toothpaste | 100g,$12.30,$12.30 per 100g
Betadine Sore Throat Gargle Ready To Use | 120mL,$14.50,$12.08 per 100mL
Tresemme Moisture Rich Shampoo | 940mL,$14.00,$1.49 per 100mL
Nivea Sun SPF 50+ Trigger Spray Sunscreen | 300mL,$23.00,$7.67 per 100mL
Dove Nutritive Solutions Conditioner Intensive Repair | 320mL,$7.70,$2.41 per 100mL
MacLeans Multi Action Soft Toothbrush | 1 each,$3.50,$3.50 per 1ea
Nivea Men Protective Face Moisturiser Cream for Sensitive Skin + SPF15 | 75mL,$13.00,$17.33 per 100mL
White Glo Charcoal Deep Stain Remover Whitening Toothpaste | 205g,$9.00,$4.39 per 100g
Neutrogena Ultra Sheer Face Fluid SPF 50 | 40mL,$23.00,$57.50 per 100mL
Coles Tortoiseshell Claw Grips Black | 2 pack,$5.60,$2.80 per 1ea
Coles Thick Ponytailers Snagless Black | 28 pack,$6.80,$0.24 per 1ea
Oral B Complete 5 Way Clean Soft Toothbrush | 1 pack,$2.00,$2.00 per 1ea | Was $4.00
Rexona  Women Roll On Invisible Dry Fresh | 50mL,$2.25,$4.50 per 100mL | Was $4.50
Coles Talcum Powder | 200g,$2.00,$1.00 per 100g
Coles Twin Blade Disposable Razor Women | 10 pack,$2.00,$0.20 per 1ea
Nature's Organics Fruits Wild Berry Shampoo | 500mL,$2.00,$0.40 per 100mL
Palmolive Naturals Milk & Honey Shower Gel | 100mL,$2.20,$2.20 per 100mL
Schick Xtreme 3 Ultimate Disposable Razor | 4 pack,$3.35,$0.84 per 1ea | Was $6.70
Scunci Elastics All Hair | 10 pack,$3.45,$0.35 per 1ea | Was $4.95
Nivea Black & White Female Deodorant Mini | 35mL,$3.00,$8.57 per 100mL
Scunci Mixed Inner Polybands 300 pieces | 1 pack,$4.20,$4.20 per 1ea | Was $6.00
,$4.25,$1.93 per 100mL | Was $8.50
Carmex Original Lip Balm Jar | 7.5g,$4.40,$58.67 per 100g | Was $5.50
Tena Lady Pads Maxi With Insta Dry | 6 pack,$4.41,$0.74 per 1ea
Mitchum Natural Power Cedarwood Roll On | 40g,$4.50,$11.25 per 100g | Was $7.50
Oral B Cross Action 3D White Toothbrush | 2 pack,$4.50,$0.17 per 1ea | Was $9.00
Rexona Women Cotton Dry Anti-Perspirant Deodorant | 50g,$4.50,$9.00 per 100mL
Colgate Tartar Control Dental Floss | 25m,$3.50,$0.14 per 1M
Oral-B Gum Care & Sensitivity Repair Toothpaste | 110g,$5.00,$4.55 per 100g | Was $10.00
Monday Shampoo Gentle | 350mL,$5.00,$1.43 per 100mL | Was $10.00
Oral B Sensitivity & Gum All Day Protection Toothpaste | 90g,$5.00,$5.56 per 100g | Was $10.00
Herron Gold Paracetamol Tabsules Bottle | 20 pack,$3.80,$3.80 per 1ea
Macleans Little Teeth Kids Toothbrush | 1 pack,$4.00,$4.00 per 1ea
Coles Effervescent Tablets Orange | 15 pack,$5.50,$0.37 per 1ea
Dettol Antibacterial Liquid Hand Wash Aloe Vera and Vitamin E Refill | 950mL,$6.00,$0.63 per 100mL | Was $10.00
Panadol Children's Chewable  7+ Years | 12 Pack,$6.00,$0.50 per 1ea | Was $6.50
Colgate Total Mint Stripe Multi Benefit Toothpaste | 115g,$4.00,$3.48 per 100g | Was $4.50 on Apr 2022
Rexona Women Antiperspirant Cream Clinical Shower Clean | 45mL,$6.50,$14.44 per 100mL
,$6.50,$14.44 per 100mL
Palmolive Naturals Active Nourishment Shampoo | 350mL,$6.00,$1.71 per 100mL
Vo5 Styling Gel Tub Maximum Hold | 250g,$4.00,$1.60 per 100g | Was $4.60 on Jan 2021
Sensodyne Repair & Protect Soft Toothbrush | 1 pack,$5.00,$5.00 per 1ea
Bosistos Lemon Tea Tree & Mandarin Antibacterial Hand Wash Refill | 1L,$7.50,$0.75 per 100mL | Was $15.00
Batiste Clean & Classic Original Dry Shampoo | 200mL,$8.00,$4.00 per 100mL | Was $12.00
Advil Liquid Capsules Fast Ibuprofen Pain & Fever Relief | 20 pack,$5.50,$0.28 per 1ea
SKYN Elite Condoms | 10 Pack,$9.00,$0.90 per 1ea | Was $10.50
Palmolive Naturals Black Orchid Shower Gel | 500mL,$6.50,$1.30 per 100mL
Strepsils Herbal Cough Lozenges Honey Lemon | 16 each,$8.00,$0.50 per 1ea
Brut Deodorant Stick For Men | 75g,$7.00,$9.33 per 100g
Head & Shoulders Shampoo Smooth & Silky | 660mL,$9.50,$1.44 per 100mL | Was $19.00
Listerine Pocketpaks Oral Care Strips Freshburst | 72 pack,$8.00,$0.11 per 1ea
Lucas Papaw Ointment Lip Tube | 25g,$7.50,$30.00 per 100g
Nivea Men Active Clean Shower Gel & Body Wash + Active Charcoal | 500mL,$8.00,$1.60 per 100mL
Lynx Aerosol Africa Deodorant | 165mL,$8.00,$4.85 per 100mL
Dove Nourishing Secrets Antiperspirant Coconut & Jasmine | 220mL,$8.50,$3.86 per 100mL
Nivea Creme Tin Moisturiser | 150mL,$8.50,$5.67 per 100mL
Garnier Micellar Cleansing Wipes | 25 pack,$8.00,$0.32 per 1ea
Banana Boat Aftersun Spray Aloe | 250mL,$9.50,$3.80 per 100mL
Senokot Lemon Laxative Tablets | 100 pack,$10.00,$0.10 per 1ea
Colgate Sensitive Advanced Clean | 110g,$9.00,$8.18 per 100g
Difflam Plus Anaesthetic Honey And Lemon Flavour Lozenges | 16 pack,$10.00,$0.63 per 1ea
Difflam Plus Anaesthetic Berry Flavour Lozenges | 16 pack,$10.00,$0.63 per 1ea
Sensodyne Sensitive Teeth Pain Deep Clean Toothpaste | 110g,$9.70,$8.82 per 100g
Palmolive Naturals Ultra Moisture Milk & Shea Butter Shower Gel | 1L,$10.00,$1.00 per 100mL | Was $12.00 on May 2022
Reef SPF 15 Coconut Oil | 125mL,$12.00,$9.60 per 100mL
Garnier Micellar Cleansing Water | 400mL,$15.00,$3.75 per 100mL
Neutrogena Beach Defence Sunscreen Lotion SPF 50 | 198mL,$20.00,$10.10 per 100mL
Johnson's Daily Essentials Facial Cleansing Wipes Normal Skin | 3 pack,$15.00,$0.20 per 1ea | Was $17.40 on Apr 2022
Cetaphil Oily Skin Cleanser | 500mL,$19.00,$3.80 per 100mL
,$20.50,$34.75 per 100mL
Cetaphil Face Foaming Cleanser | 236mL,$19.00,$8.05 per 100mL
Ostelin Vitamin D 1000IU D3 Capsules For Bones + Immunity | 130 pack,$27.00,$0.21 per 1ea
Dove Hair Therapy Intensive Repair Shampoo | 320mL,$7.70,$2.41 per 100mL
Australian Botanical Soap Sandalwood With Cocoa Butter | 200g,$4.00,$2.00 per 100g
Elastoplast Heavy Fabric Extra Large Strips | 10 pack,$6.00,$0.60 per 1ea
Palmolive Foam Hand Wash Jasmine Pump | 400mL,$7.00,$1.75 per 100mL
Australian Botanical Soap Sea Salt | 200g,$4.00,$2.00 per 100g
Brut 48Hr Antiperspirant Deodorant Endurance | 130g,$7.50,$5.77 per 100mL
Original Source Lemon & Tea Tree Shower Gel | 250mL,$5.00,$2.00 per 100mL
Coles Combs Family Pack | 4 pack,$3.80,$0.95 per 1ea
Colgate Plax Fresh Mint Mouthwash | 60mL,$1.35,$2.25 per 100mL
Coles Kids & Teens Medistrips | 20 pack,$2.00,$0.10 per 1ea
Beach Road Naturals Coconut & Kaffier Lime Oil Castile Body Bar | 150g,$2.10,$1.40 per 100g | Was $3.50
Coles Soft Ponytailers Black | 28 pack,$4.50,$0.16 per 1ea
Natures Commonscents Goats Milk & Paw Paw Soap Bar | 100g,$2.20,$2.20 per 100g
Caredent Paw Patrol Toothbrush | 1 pack,$4.00,$4.00 per 1ea
Scunci Barrette Snap Clips 10 pieces | 1 pack,$3.50,$3.50 per 1ea | Was $5.00
Mum Dry Anti-Perspirant Active All Day Roll On Deodorant | 50mL,$3.00,$6.00 per 100mL
L'Oreal Paris Elvive Hyaluron Plump Conditioner | 300mL,$4.50,$1.50 per 100mL | Was $8.00
Rexona Mens Clean Mini Sport Antiperspirant | 50mL,$4.00,$8.00 per 100mL
Elastoplast Plastic Strips | 40 pack,$3.90,$0.10 per 1ea
Colgate Cushion Clean Soft Toothbrush | 1 pack,$4.80,$4.80 per 1ea | Was $6.00
Oral-B 3D White Toothbrush | 3 pack,$5.00,$1.67 per 1ea | Was $10.00
Monday Smooth Shampoo | 350mL,$5.00,$1.43 per 100mL | Was $10.00
Monday Smooth Conditioner | 350mL,$5.00,$1.43 per 100mL | Was $10.00
OC Naturals Normal Balance Shampoo | 400mL,$3.70,$0.93 per 100mL
Aspro Clear Extra Strength Pain Relief Aspirin 16 Soluble Effervescent Tablets | 1 Pack,$5.50,$5.50 per 1ea
Nivea Pure Invisible Roll On Antiperspirant Deodorant | 50mL,$4.00,$8.00 per 100mL
Jiinju Watermelon Face Mask | 23mL,$5.00,$21.74 per 100mL
Femfresh Triple Deodorising Wash | 250mL,$5.50,$2.20 per 100mL | Was $7.00
Rexona Antiperspirant Men Clinical Protection Clean Scent | 180mL,$5.50,$3.06 per 100mL | Was $11.00
Garnier Hydrabomb Eye Mask Orange | 6g,$5.00,$83.35 per 100g
Nurofen Zavance Fast Pain Relief Tablets 256mg Ibuprofen | 12 pack,$5.00,$0.42 per 1ea
Palmolive Anti-Bacterial 2 Hours Defence Orange Liquid Hand Wash Refill | 1L,$6.00,$0.60 per 100mL
,$6.50,$14.44 per 100mL
VO5 Extra Hold Hairspray | 200g,$4.00,$2.00 per 100g | Was $4.60 on Jan 2021
Palmolive Foam Raspberry Hand Wash Refill  | 1L,$6.80,$0.68 per 100mL | Was $8.50
Bic Soleil Twilight Lavender Razor | 4 pack,$6.20,$1.55 per 1ea
Shockwaves Extreme Free Style HairGel | 250mL,$5.00,$2.00 per 100g
Herron Blue Ibuprofen Tabsules | 25 pack,$5.15,$0.21 per 1ea
Mylanta 2Go Double Strength Antacid Tablets Lemon Mint | 24 pack,$7.50,$0.31 per 1ea
Gillette Comfort Glide Shave Gel | 195g,$6.50,$3.33 per 100g
Poise Liners For Bladder Leaks Ultra Long | 20 pack,$5.50,$0.28 per 1ea
Carmex Original Lip Balm Squeeze Tube | 10g,$6.00,$60.00 per 100g
Nurofen Zavance Fast Pain Relief Liquid Capsules 200mg Ibuprofen | 24 pack,$6.50,$0.27 per 1ea
Batiste Floral & Flirty Blush Dry Shampoo | 200mL,$8.00,$4.00 per 100mL | Was $12.00
Coles SPF 50+ Sunscreen Ultra Pump | 500mL,$6.50,$1.30 per 100mL
Burt's Bees Watermelon Lip Balm | 4.25g,$7.00,$166.67 per 100g
Stayfree Ultra Thin Super Pads With Wings | 12 pack,$6.00,$0.50 per 1ea
Nivea Double Effect Aerosol Antiperspirant Deodorant | 250mL,$7.50,$3.00 per 100mL
Garnier Hydrabomb Tissue Mask Anti Aging | 28g,$7.00,$25.00 per 100g
Vicks Vapodrop Butter Menthol Lozenges | 42 pack,$8.00,$0.19 per 1ea
Dove Restoring Ritual Coconut Oil & Turmeric Conditioner | 320mL,$7.70,$2.41 per 100mL
,$7.00,$1.40 per 100mL
Stayfree No Wings Regular Pads | 20 pack,$7.00,$0.35 per 1ea
Sukin Art Series Arkie Body Wash | 500mL,$9.95,$1.99 per 100mL
Garnier Fructis Normal Shampoo  | 315mL,$7.50,$2.38 per 100mL
,$8.50,$3.35 per 100mL
Tresemme Hairspray Salon Finish Extra Hold | 360g,$8.20,$2.28 per 100g
Dove Body Wash Triple Moisturising | 500mL,$9.00,$1.80 per 100mL
Bosisto's Eucalyptus Spray | 200g,$10.00,$5.00 per 100g
Bondi Sands Self Tanning Mitt | 1 each,$10.00,$10.00 per 1ea
Vicks Nasal Spray Decongestant Inhaler | 0.5mL,$8.50,$8.50 per 1ea
Cancer Council SPF 50+ Sunscreen Tube Ultra | 110mL,$14.00,$12.73 per 100mL
Tena For Men Pouches Level 2 | 10 pack,$8.80,$0.88 per 1ea | Was $9.50 on Nov 2022
Poise Pads For Bladder Leaks Overnight | 16 pack,$10.50,$0.66 per 1ea
Nivea Men Sensitive Aftershave Balm + Chamomile & Witch Hazel | 100mL,$12.00,$12.00 per 100mL
Aveeno Active Naturals Skin Relief Fragrance Free Moisturising Lotion | 354mL,$17.00,$4.80 per 100mL
Nivea Men Protect & Care Face Moisturiser Cream SPF15 + Aloe Vera | 75mL,$13.00,$17.33 per 100mL
Blackmores Vitamin C 500mg Immune Tablets | 120 pack,$15.00,$12.50 per 100ea
Neutrogena Oil Free Acne Scrub | 125mL,$17.50,$14.00 per 100mL
,$19.00,$2.53 per 100mL | Was $38.00
Pantene Daily Moisture Renewal Conditioner | 900mL,$19.00,$2.11 per 100mL
Cetaphil Daily Advance Ultra Hydrating Lotion | 226g,$18.00,$7.96 per 100g
Nature's Way High Strength Magnesium Tablets | 150 pack,$22.50,$0.15 per 1ea
Dermaveen Extra Hydration Gentle Colloidal Oatmeal Soap Free Wash | 1L,$25.00,$2.50 per 100mL
Pantene Pro-V Ultimate 10 Repair & Protect Shampoo | 900mL,$19.00,$2.11 per 100mL
Pantene Pro-V Colour Therapy Shampoo | 900mL,$19.00,$2.11 per 100mL
Pantene Pro-V Miracle Oil Treatment | 1 pack,$19.00,$19.00 per 1ea
Pantene Miracle Mask Jar Collagen Repair Treatment | 1 pack,$12.00,$12.00 per 1ea
Tresemme Cleanse Replenish Shampoo | 940mL,$14.00,$1.49 per 100mL
Neutrogena Ultra Sheer Body Lotion Sunscreen SPF 50 | 85mL,$16.00,$18.82 per 100mL
Nudy Rudy Hunny Bunny Soap | 120g,$4.00,$3.33 per 100g
Neutrogena Hydro Boost Hyaluronic Acid Water Gel | 50g,$33.00,$66.00 per 100g
Bic Twin Blade Disposable Razors for Sensitive Skin | 10 pack,$5.00,$0.50 per 1ea
Rexona Men's Antiperspirant Aerosol Deodorant Adventure | 250mL,$6.00,$2.40 per 100mL | Was $6.50 on May 2022
Band-Aid Advanced Healing Hydro Seal Regular Gel Plasters | 10 pack,$8.50,$0.85 per 1ea
Coles Toothbrush Junior | 1 pack,$1.75,$1.75 per 1ea
Coles Aspirin Tablets 300mg | 24 pack,$0.95,$0.04 per 1ea
Coles Exfoliating Bath Pad | 1 each,$4.00,$4.00 per 1ea
Nature's Organics Fruits Apple Fresh Conditioner | 500mL,$2.00,$0.40 per 100mL
KOi Finger Lime & Patchouli Exfoliating Bar Soap | 100g,$3.00,$3.00 per 100g
Coles Pro Interdental Brushes Iso 2 Medium | 10 pack,$3.75,
Caredent Eeziflossers Biodegradable | 50 pack,$6.00,$0.12 per 1ea
Cottons Organic Ultra Thin Super Pads | 12 pack,$3.25,$0.27 per 1ea | Was $5.50
Blistex Ultra Lip Balm SPF 50+ | 4.25g,$4.50,$105.88 per 100g
David Beckham Instinct Sport Deodorant Spray | 150mL,$4.00,$2.67 per 100mL | Was $8.00
OC Naturals Coconut Repair Shampoo | 400mL,$3.70,$0.93 per 100mL
OC Naturals 2 In 1 Ani-Dandruff Conditioning Shampoo | 400mL,$3.70,$0.93 per 100mL
Bosisto's Sugar Free Eucalyptus Throat Lozenges | 50g,$3.30,$6.60 per 100g
Carefree FlexiComfort Aloe Vera Panty Liners | 20 pack,$3.50,$0.18 per 1ea
Vaseline Petroleum Jelly Original | 50g,$4.00,$8.00 per 100g
Dettol Antibacterial Liquid Hand Wash Pump Refresh | 250mL,$2.80,$1.12 per 100mL
Bic Soleil Simply Lady Shaver | 3 pack,$4.00,$1.33 per 1ea
L'Oreal Elvive Extraordinary Oils Coconut Shampoo | 300mL,$4.50,$1.50 per 100mL | Was $8.00
L'Oreal Elvive Total Repair 5 Conditioner | 300mL,$4.50,$1.50 per 100mL | Was $8.00
Australian Botanical Soap Manuka Honey With Jojoba Oil | 200g,$4.00,$2.00 per 100g
Rexona Womens Clean Antiperspirant Mini Summer | 50mL,$4.00,$8.00 per 100mL
Nivea Original Care Moisturising Lip Balm + Shea Butter | 4.8g,$4.50,$93.75 per 100g
Scunci Active No Damage Reflective Elastics | 32 pack,$4.90,$4.90 per 32ea | Was $7.00
Monday Volume Shampoo | 350mL,$5.00,$1.43 per 100mL | Was $10.00
Sanofi Hydrogen Peroxide - Powerful Bleach Liquid | 200mL,$4.10,$2.05 per 100mL
Aspro Clear Pain Relief Aspirin 24 Soluble Effervescent Tablets | 1 Pack,$5.50,$5.50 per 1ea
Nivea Men Silver Protect Antiperspirant Roll On Deodorant | 50mL,$4.00,$8.00 per 100mL
Palmolive Men Rapid Shave Foam for Sensitive Skin | 250g,$3.49,$1.40 per 100g
Isocol Multipurpose Rubbing Alcohol Antiseptic Spray | 75mL,$5.50,$7.33 per 100mL | Was $6.50
Original Source Lime Shower Gel | 250mL,$5.00,$2.00 per 100mL
Herbal Essences Bio Renew Strawberry Shampoo | 400mL,$6.00,$1.50 per 100mL
Palmolive Hand Wash Luminous Oil Macadamia & Peony Refill | 1L,$6.00,$0.60 per 100mL | Was $10.00
Vicks VapoDrops Butter Menthol Lozenges | 24 pack,$5.40,$0.23 per 1ea
Rexona Men Sport Defence Antiperspirant Roll On Deodorant | 52g,$5.50,$10.58 per 100g
,$6.50,$14.44 per 100mL
Schick Exacta 2 Disposable Sensitive Razor with Vitamin E | 18 pack,$6.50,$0.36 per 1ea | Was $13.00
Elastoplast Aqua Protect Plasters | 40 pack,$5.40,$0.14 per 1ea
KOi Jasmine & Sandalwood Body Wash | 500mL,$8.00,$1.60 per 100mL
Palmolive Luminous Moroccan Argan & Camellia oil Conditioner  | 350mL,$6.00,$1.71 per 100mL
Always Discreet Liners Long Plus For Bladder Leaks | 20 pack,$6.30,$0.32 per 1ea
Bosisto's Banksia Flower & Lavender Hand Wash Refill | 1L,$7.50,$7.50 per 1L | Was $15.00
Olay Complete UV Lotion Sensitive | 75mL,$7.50,$10.00 per 100mL | Was $15.00
Coles Replacement Brush Heads | 2 pack,$9.00,$4.50 per 1ea
Vaseline Total Moisture Nourishing Body Lotion | 225mL,$6.50,$2.89 per 100mL
Vaseline Cocoa Glow Body Lotion | 225mL,$6.50,$2.89 per 100mL
Vaseline Intensive Care Hand & Nail Lotion | 75mL,$5.30,$7.07 per 100mL
Palmolive Luminous Oils Rejuvenating Shower Gel | 400mL,$6.00,$1.50 per 100mL
Deep Heat Extra Strengh Cream | 100g,$6.60,$6.60 per 100g
Norsca Forest Fresh Deodorant Pump | 150mL,$6.80,$4.53 per 100mL
,$6.50,$0.41 per 1ea
Garnier Hydrabomb Tissue Mask Camomile | 28g,$7.00,$25.00 per 100g
Dove Restoring Ritual Coconut Oil & Turmeric Shampoo | 320mL,$7.70,$2.41 per 100mL
Stayfree Fast Absorbing Super Pads | 18 pack,$7.00,$0.39 per 1ea
Poise Pads For Bladder Leaks Overnight | 8 pack,$5.90,$0.74 per 1ea
Systane Ultra Lubricant Eye Drops | 10mL,$10.00,$100.00 per 100mL | Was $11.50
Caltrate Bone & Muscle Health Tablets | 100 pack,$10.00,$10.00 per 100ea | Was $20.00
L'Oreal Men Expert Thermic Resist Deodorant | 250mL,$7.00,$2.80 per 100mL
Lynx Men Aerosol Anarchy Deodorant | 165mL,$8.00,$4.85 per 100mL
Nivea Men All Purpose Cream Moisturiser for Face Body & Hands | 150mL,$9.00,$6.00 per 100mL
Telfast Hayfever Allergy Relief 180mg Antihistamine Tablets | 5 pack,$8.50,$1.70 per 1ea
Herron Sennesoft Laxatives | 100 pack,$8.80,$0.09 per 1ea
TOM Organic Regular Tampons | 16 pack,$6.00,$0.38 per 1ea
Nurofen Cold and Flu Multi-Symptom Relief Tablets 200mg Ibuprofen | 12 pack,$9.00,$0.75 per 1ea
Simple Kind To Skin Moisturising Facial Wash | 150mL,$11.50,$7.67 per 100mL
Banana Boat SPF 50+ Kids Roll On Sunscreen | 75mL,$12.50,$16.67 per 100mL
Sensodyne Pronamel Enamel Gentle Whitening Toothpaste | 110g,$9.70,$8.82 per 100g
Palmolive Naturals Hypoallergenic Mild & Sensitive Body Wash | 1L,$10.00,$1.00 per 100mL | Was $12.00 on May 2022
Fruit Of The Earth Aloe Vera Pure Gel Tube | 170g,$12.00,$7.06 per 100g
Nivea Men Refreshing Face Wash + Aloe Vera | 150mL,$13.00,$8.67 per 100mL
Voltaren Emulgel Muscle and Back Pain Relief | 50g,$14.50,$29.00 per 100g
Neutrogena Oil Free Acne Wash Pink Grapefruit Facial Cleanser | 175mL,$17.50,$10.00 per 100mL
Tresemme Conditioner Moisture Rich | 940mL,$14.00,$1.49 per 100mL
Neutrogena Hydro Boost Hyaluronic Acid Water Gel Lotion SPF 50 | 88mL,$18.00,$20.45 per 100mL
Nivea Sun SPF 50+ Ultra Beach Spray | 200mL,$19.00,$9.50 per 100mL
Berocca Orange Flavour Energy Vitamin 75 Effervescent Tablets | 1 pack,$34.00,$45.33 per 100ea
Dove Nutritive Solutions Daily Moisture Shampoo | 320mL,$7.70,$2.41 per 100mL
Bic 3 Hybrid Razor Blades  | 12 pack,$14.50,$1.21 per 1ea
Nivea Women Deodorant Intense Protection Roll On Fresh | 50mL,$4.00,$8.00 per 100mL
Nivea Women Deodorant Pearl & Beauty Spray | 250mL,$7.50,$3.00 per 100mL
Schick Hydro Shave Gel Moisturising | 198g,$6.50,$3.28 per 100g
Nivea Men Roll On Intense Protection Fresh | 50mL,$4.00,$8.00 per 100mL
Brut 72Hr Antiperspirant Deodorant Original | 130g,$8.50,$6.54 per 100g
Carmex Strawberry Lip Balm Tube | 10g,$6.00,$60.00 per 100g
Coles Toothbrush Toothpaste Case | 1 pack,$2.25,$2.25 per 1ea
Coles Bubble Bath  | 1L,$1.80,$0.18 per 100mL
L'Oreal Paris Elnett Satin Extra Strength Argan Oil Hairspray | 75mL,$2.75,$3.67 per 100mL | Was $5.50
Cottons Regular 100% Cotton Tampons | 16 pack,$2.75,$0.17 per 1ea | Was $5.50
Coles Shave Foam | 250g,$2.30,$0.92 per 100g
Coles Pro Interdental Brushes Iso 0 Extra Small | 10 pack,$3.75,
Oral B Charcoal White Toothbrush | 1 Pack,$3.00,$3.00 per 1ea | Was $6.00
Scunci Extra Thick Elastics | 10 pack,$3.45,$0.35 per 1ea | Was $4.95
Coles Foot Brush With Pumice | 1 each,$7.00,$7.00 per 1ea
Laxettes Laxatives  | 24 pack,$3.70,$0.15 per 1ea | Was $4.50
Rexona Clinical Protection Summer Strength Antiperspirant Roll On | 50mL,$4.00,$8.00 per 100mL | Was $8.00
Coles Twin Blade Disposable Razor Men | 16 pack,$3.30,$0.21 per 1ea
Lady Jayne Brush Flexi-glide Small Brush | 1 pack,$4.20,$4.20 per 1ea | Was $7.40
Mum Dry Antiperspirant Cool Pink All Day Roll On Deodorant | 50mL,$3.00,$6.00 per 100mL
L'Oreal Elvive Colour Protect Conditioner | 300mL,$4.50,$1.50 per 100mL | Was $8.00
Bic Single Blade Disposable Razors for Sensitive Skin | 10 pack,$4.50,$0.45 per 1ea
Scunci Jumbo XL Scrunchie | 1 pack,$4.85,$4.85 per 1ea | Was $6.95
Piksters Interdental Brush Size 0 | 10 pack,$4.90,$0.49 per 1ea
Oral-B Gum Care & Enamel Restore Toothpaste | 110g,$5.00,$4.55 per 100g | Was $10.00
Monday Volume Conditioner | 350mL,$5.00,$1.43 per 100mL | Was $10.00
Monday Shampoo Moisture | 350mL,$5.00,$1.43 per 100mL | Was $10.00
Monday Conditioner Gentle | 350mL,$5.00,$1.43 per 100mL | Was $10.00
Colgate Zig Zag Flex Medium Toothbrush | 1 pack,$3.00,$3.00 per 1ea
OC Naturals Normal Balance Conditioner | 400mL,$3.70,$0.93 per 100mL
Scunci Detangle Shower Brush | 1 pack,$5.60,$5.60 per 1ea | Was $8.00
Rosken Intensive Moisture Hand Cream | 75mL,$4.50,$6.00 per 100mL
Elastoplast Hypoallergenic Transparent Spots | 24 pack,$4.00,$0.17 per 1ea
Vicks VapoNaturals Honey Throat Drops | 19 pack,$4.60,$0.24 per 1ea
Gillette Shave Foam Lemon Lime | 330g,$5.00,
KOi Lavender & Sweet Fennel Hand Wash | 500mL,$7.00,$1.40 per 100mL
Rexona Invisible Dry Stick For Women | 42g,$4.85,$11.55 per 100g
Dove Nourishing Secrets Coconut & Jasmine Roll On | 50mL,$4.50,$9.00 per 100mL
Palmolive Hand Wash Foam Vanilla & Almond Refill | 1L,$6.00,$0.60 per 100mL | Was $10.00
Mentholatum Ice Gel | 100g,$5.30,$5.30 per 100g
Savlon Antiseptic Cream | 30g,$5.00,$16.67 per 100g
,$6.50,$14.44 per 100mL
Revlon Colorsilk Dark Brown 30 Hair Color | 1 pack,$6.50,$6.50 per 1ea | Was $9.00
VO5 Firm Hold Hairspray | 200g,$4.00,$2.00 per 100g | Was $4.60 on Jul 2017
Four Seasons Glow In Dark Lubricant | 100mL,$6.20,$6.20 per 100mL
Cutex Nourishing Nail Polish Remover | 100mL,$4.80,$0.48 per 10mL
Quick Eze Chewy Fast Acting Heartburn And Indigestion Tablets | 3 pack,$6.60,$2.20 per 1ea
Body Crystal Botanica Roll On Deodorant | 80mL,$5.50,$6.88 per 100mL
L'Oreal Elvive Dream Lengths Mask | 300mL,$7.20,$2.40 per 100mL | Was $12.00
DU'IT Tough Hands Intensive Hand Cream | 75g,$7.20,$9.60 per 100g | Was $9.00
Vo5 Styling Gel Mega Hold | 175mL,$4.00,$2.29 per 100mL | Was $4.60 on Jan 2021
Palmolive Fashion Girl Rose Petals Detangler Spray | 250mL,$5.00,$2.00 per 100mL
Rennie Indigestion and Heartburn Relief Spearmint 48 Chewable Tablets | 1 Pack,$8.00,$8.00 per 1ea
Bosisto's Desert Lime & Eucalyptus Hand Wash Refill | 1L,$7.50,$0.75 per 100mL | Was $15.00
Head & Shoulders Shampoo Smooth & Silky | 400mL,$7.50,$1.88 per 100mL | Was $15.00
Head & Shoulders Shampoo Itchy Scalp | 400mL,$7.50,$1.88 per 100mL | Was $15.00
Oral B 3D White Lasting White Freshness Blast Toothpaste | 95g,$7.50,$7.89 per 100g | Was $15.00
Palmolive Kids 3 In 1 Happy Apple Shampoo Conditioner & Body Wash | 350mL,$6.00,$1.71 per 100mL
Clairol Natural Instincts 3 Ebony Mocha Brown Black Hair Colour | 1 pack,$8.00,$8.00 per 1ea | Was $16.00
Coles Electrolyte Tablets Orange | 20 pack,$8.00,$0.40 per 1ea
Dove Antiperspirant Pomegranate Deo Stick | 40g,$6.00,$15.00 per 100g
Simple Cleansing Facial Wipes | 25 pack,$8.00,$0.32 per 1ea
Always Discreet Normal Incontinence Pads | 12 pack,$8.50,$0.71 per 1ea
Tena Pant For Women Medium | 8 pack,$10.01,$1.25 per 1ea
Nivea Men Power Fresh Shower Gel & Body Wash | 500mL,$8.00,$1.60 per 100mL
Nivea Men Pure Impact Shower Gel & Body Wash | 500mL,$8.00,$1.60 per 100mL
Banana Boat After Sun Gel Aloe | 250g,$8.80,$3.52 per 100g
VO5 Extreme Styling Matt Clay | 85g,$7.50,$8.82 per 100g
Steradent Active Plus Denture Cleaner Tablets | 48 pack,$8.50,$0.18 per 1ea
Colgate 360 Degree Value Pack Medium Toothbrush | 2 pack,$8.00,$4.00 per 1ea
Cancer Council SPF 50+ Ultra Rollon Sunscreen | 75mL,$10.40,$13.87 per 100mL
Head & Shoulders Ultramen Shampoo 2 In 1 Deep Clean | 750mL,$12.50,$1.67 per 100mL | Was $25.00
Tena Discreet Creme High Waist Underwear Medium | 9 pack,$13.09,$1.45 per 1ea
Glow Lab Citrus & Bergamot Body Wash | 900mL,$18.00,$2.00 per 100mL
L'Oreal Men Pure Charcoal Anti-Blackhead Face Scrub | 100mL,$11.00,$11.00 per 100mL
Nivea Sun SPF 50+ Protect & Moisture Sunscreen Lotion | 100mL,$12.00,$12.00 per 100mL
Batiste Medium Brunette Dry Shampoo | 200mL,$15.00,$7.50 per 100mL
Aveeno Active Naturals Daily Moisturising Fragrance Free Lotion | 354mL,$15.00,$4.24 per 100mL
Just For Men Medium Brown Hair Colour | 100g,$14.00,$14.00 per 100g
Lynx Mens Body Wash Africa | 1L,$10.00,$1.00 per 100mL
Cenovis Iron Plus Tablets For Women's Health | 80 pack,$13.90,$17.38 per 100ea
Listerine Original Antibacterial Mouthwash | 1L,$14.00,$1.40 per 100mL
Hydralyte  Electrolyte Solution Orange Flavour | 1L,$12.50,$1.25 per 100mL | Was $15.15 on Nov 2022
Ogx Biotin & Collagen Shampoo | 750mL,$19.00,$2.53 per 100mL | Was $38.00
,$15.00,$17.65 per 100g
Gillette Blue II Pivot Plus | 20 pack,$20.00,$1.00 per 1ea
Nivea Sun SPF 30+ Protect & Light Feel | 200mL,$17.00,$8.50 per 100mL
Banana Boat SPF 50+ Kids Sunscreen Spray | 240mL,$19.00,$7.92 per 100mL
Maybelline Lash Sensational Sky High Washable Mascara Blackest Black | 7.2mL,$26.00,$36.11 per 10mL
Maybelline Lash Sensational Sky High Waterproof Mascara Very Black | 6mL,$26.00,$43.33 per 10mL
Bondi Sands Ultra Dark Foam | 200mL,$25.00,$12.50 per 100mL
Metamucil Daily Fibre Supplement Smooth Orange 72 Doses | 425g,$25.00,$5.88 per 100g | Was $26.50 on Sep 2022
Gillette Fusion Razor Blades | 4 pack,$30.00,$7.50 per 1ea
Cetaphil Face Hydrating Night Cream | 48g,$22.00,$45.83 per 100g
Dermaveen Extra Hydration Intensive Moisturising Lotion Colloidal Oatmeal | 1L,$25.00,$2.50 per 100mL
Blackmores Fish Oil 1000mg Omega-3 Capsules | 400 pack,$35.00,$8.75 per 100ea
Original Source Shower Gel Mint & Tea Tree | 500mL,$8.00,$1.60 per 100mL
Pantene Pro-V Colour Therapy Conditioner | 900mL,$19.00,$2.11 per 100mL
Sensodyne Sensitive Teeth Pain Rapid Relief Toothpaste | 100g,$12.30,$12.30 per 100g
Jiinju Panda Face Sheet Mask | 25mL,$5.00,$20.00 per 100mL
Bic Hybrid Flex 5 Razor | 3 pack,$10.50,$3.50 per 1ea
OC Naturals Silky Smooth Shampoo | 400mL,$3.70,$0.93 per 100mL
Colgate 360 Optic White Toothbrush Soft | 3 pack,$14.00,$4.67 per 1ea
White Glo Professional Whitening Toothpaste | 115g,$6.00,$5.22 per 100g
Garnier Vitamin C Serum | 30mL,$30.00,$100.00 per 100mL
Tresemme Shampoo Smooth & Silky | 940mL,$14.00,$1.49 per 100mL
Tresemme Conditioner Smooth & Silky | 940mL,$14.00,$1.49 per 100mL
Libra Liners Ultra Thin | 30 pack,$3.50,$0.12 per 1ea
T.N Dickinson's Cleans & Tones Witch Hazel Toner | 240mL,$7.00,$2.92 per 100mL
Coles Tortoiseshell Claw Grips Small | 2 pack,$4.50,$2.25 per 1ea
Coles Thin Blonde Ponytailers | 28 pack,$5.60,$0.20 per 1ea
Coles Thin Brown Ponytailers | 28 pack,$5.60,$0.20 per 1ea
Palmolive Lemon & White Citrus Hand Sanitiser | 48mL,$2.50,$5.21 per 100mL
Cottons Super 100% Cotton Tampons | 16 pack,$2.75,$0.17 per 1ea | Was $5.50
Palmolive Naturals Cherry Blossom Body Wash | 90mL,$2.20,$2.44 per 100mL
Coles Pro Interdental Brushes Iso 3 Large | 10 pack,$3.75,
Head & Shoulders Clean & Balanced Shampoo | 80mL,$3.00,$3.75 per 100mL
Coles SPF 50+ Sunscreen Ultra Roll On | 75mL,$4.00,$5.33 per 100mL
Coles Heavy Duty Fabric Strips Xl | 20 pack,$4.00,$0.20 per 1ea
Coles Pro Sensitive Toothpaste | 110g,$4.50,$4.09 per 100g
KOi Hydrating Finger Lime Agave Nectar Lip Balm | 15g,$6.00,$40.00 per 100g
Scunci Mini Jaw Clips 15 pieces | 1 pack,$4.20,$4.20 per 1ea | Was $6.00
Australian Botanical Bar Soap  Lychee & Paw Paw Extract | 200g,$4.00,$2.00 per 100g
L'Oreal Elvive Total Repair 5 Shampoo | 300mL,$4.50,$1.50 per 100mL | Was $8.00
L'Oreal Elvive Extraordinary Oils Coconut Conditioner | 300mL,$4.50,$1.50 per 100mL | Was $8.00
Bosistos Lemon Tea Tree & Mandarin Antibacterial Hand Wash Pump | 500mL,$4.50,$0.90 per 100mL | Was $9.00
Dove Antiperspirant Original Deodorant | 50mL,$4.50,$9.00 per 100mL
Nivea Limited Edition Lip Care | 4.8g,$4.50,$93.75 per 100g
Lifestyles Regular Condoms | 10 pack,$5.00,$0.50 per 1ea | Was $6.50
Femfresh Feminine Wipes | 20 pack,$5.20,$0.26 per 1ea | Was $6.50
Rexona Men Clinical Protection Aerosol Sport Antiperspirant | 180mL,$5.50,$3.06 per 100mL | Was $11.00
Colgate Minions Extra Soft Toothbrush | 2 pack,$5.60,$2.80 per 1ea | Was $7.00
Herbal Essences Bio Renew Conditioner Morocco Argan Oil | 400mL,$6.00,$1.50 per 100mL
Palmolive Naturals Active Nourishment Shampoo | 700mL,$6.00,$0.86 per 100mL
Palmolive Naturals Moisture Intense Shampoo | 700mL,$6.00,$0.86 per 100mL
L'Oreal Elnett Normal Strength Hair Spray | 400mL,$6.00,$1.50 per 100mL | Was $12.00
Palmolive Hand Wash Sea Minerals With Glycerin | 1L,$6.00,$0.60 per 100mL
Vicks VapoDrops Original Menthol Lozenges | 24 pack,$5.40,$0.23 per 1ea
Coles Pregnancy Midstream Test | 3 pack,$10.00,$3.33 per 1ea
Jeer Body Spray For Men | 150mL,$5.00,$3.33 per 100mL
Vicks VapoDrops Honey Lemon & Menthol | 16 pack,$6.00,$0.38 per 1ea
Durex Strawberry Lubricant Gel | 100mL,$6.80,$6.80 per 100mL | Was $8.00
Poise Ultrathin Pads For Bladder Leaks Super | 12 pack,$5.00,$0.42 per 1ea
Coles  Replacement Brush Heads Sensitive | 2 pack,$10.00,$5.00 per 1ea
Laxettes Laxative Tablets With Senna | 50 pack,$5.50,$0.11 per 1ea
Head & Shoulders Conditioner Dry Scalp | 400mL,$7.50,$1.88 per 100mL | Was $15.00
Head & Shoulders Clean & Balanced 2In1 | 350mL,$7.50,$2.14 per 100mL | Was $15.00
Deep Heat Odourless Back Patches Extra Large | 2 pack,$7.60,$3.80 per 1ea | Was $9.40
,$7.75,$2.58 per 1ea | Was $15.50
Batiste Eden Dry Shampoo | 200mL,$8.00,$4.00 per 100mL | Was $12.00
Clairol Natural Instincts 6 Suede Light Brown Hair Colour | 1 pack,$8.00,$8.00 per 1ea | Was $16.00
Clairol Natural Instincts 4 Nutmeg Dark Brown Hair Colour | 1 pack,$8.00,$8.00 per 1ea | Was $16.00
Cedel Family Anti Dandruff Foam Shampoo | 250mL,$5.20,$2.08 per 100mL
Lynx Men Body Wash Black | 400mL,$6.50,$1.63 per 100mL
White Glo Deep Stain Remover Whitening Toothpaste | 115g,$6.00,$5.22 per 100g
Oral-B Cross Action Battery Toothbrush Medium | 1 each,$8.50,$8.50 per 1ea | Was $17.00
Garnier Hydrabomb Tissue Mask Lavender | 28g,$7.00,$25.00 per 100g
Gastro Stop 2MG | 8 pack,$9.00,$1.13 per 1ea
Dove Daily Care Conditioner | 320mL,$7.70,$2.41 per 100mL
Biore Original Deep Cleansing Pore Strips | 6 pack,$7.50,$1.25 per 1ea
Head & Shoulders Shampoo Apple Fresh | 660mL,$9.50,$1.44 per 100mL | Was $19.00
Dettol Hand Sanitizer Original | 200mL,$7.50,$3.75 per 100mL
Batiste Dry Shampoo Volume | 350mL,$9.80,$2.80 per 100mL | Was $20.00
Nivea Men Shower Gel Sport | 500mL,$8.00,$1.60 per 100mL
Depend Real Fit Incontinence Underwear Regular Women Large | 8 pack,$10.24,$1.28 per 1ea
Gaviscon Dual Action Liquid Sachet | 12 pack,$8.00,$0.67 per 1ea
Gillette Pro Aqua Hydrating Shea Butter Shave Gel | 195g,$8.50,$4.36 per 100g
Pantene  Smooth & Sleek Shampoo | 375mL,$9.00,$2.40 per 100mL
Dove Nourshing Secret Anitperspirant Lavender Rose Water | 220mL,$8.50,$3.86 per 100mL
Dove Antiperspirant Aerosol Peach Lemon Verbena Zero Almnm | 200mL,$8.50,$4.25 per 100mL
Depend Real Fit Incontinence Underwear Men Large | 8 pack,$11.12,$1.39 per 1ea
Dove Summer Glow Fair Medium Body Lotion | 250mL,$9.50,$3.80 per 100mL
Nyal Chesty Cough Mixture | 200mL,$8.50,$4.25 per 100mL
Tena Men Absorbent Protector Pads Level 3 Super | 8 pack,$8.80,$1.10 per 1ea | Was $9.50 on Nov 2022
Mylanta 2go Double Strength Chewable Antacid Tablets | 48 pack,$14.00,$0.29 per 1ea
Colgate 360 Degree Value Pack Soft Toothbrush | 2 pack,$8.00,$4.00 per 1ea
Coles SPF 50+ Sunscreen Ultra Pump | 1L,$8.50,$0.85 per 100mL
Vicks VapoRub Ointment Decongestant Chest Rub | 50g,$8.50,$17.00 per 100g
Johnson's Body Care Moisturising Body Wash | 1L,$13.00,$1.30 per 100mL
Depend Real Fit Incontinence Underwear Super Women Extra Large | 8 pack,$13.60,$1.70 per 1ea | Was $17.00
L'Oreal Men Pure Charcoal Face Wash | 100mL,$11.00,$11.00 per 100mL
L'Oreal Men Hydra Energetic Face Scrub | 100mL,$11.00,$11.00 per 100mL
L'Oreal Men Hydra Energetic Wake Up Boost Wash | 100mL,$11.00,$11.00 per 100mL
Brut Splash On Deodorant For Men | 200mL,$11.00,$5.50 per 100mL
Nivea Daily Essentials Wash Gel Refreshing | 150mL,$12.00,$8.00 per 100mL
Palmolive Hydrating Shower Gel | 1L,$10.00,$1.00 per 100mL | Was $12.00 on May 2022
Colgate Peroxyl Oral Cleanser Mouthwash | 236mL,$12.50,$5.30 per 100mL
Nivea Men Protect & Care Exfoliating Face Scrub | 125mL,$13.00,$10.40 per 100mL
Sukin Natural Balance Shampoo | 500mL,$19.00,$3.80 per 100mL
Nivea Black And White Twin Pack Aerosol Deodorant | 500mL,$11.00,$2.20 per 100mL
Nivea Visage Daily Essentials Moisturising Cream Normal Combi | 50mL,$14.00,$28.00 per 100mL
Batiste Blush Dry Shampoo | 350mL,$17.00,$4.86 per 100mL
Renu Multi-Purpose Solution Value Pack | 830mL,$18.30,$2.20 per 100mL | Was $22.50
1000 Hour Dark Brown Eyelash & Brow Dye Kit | 1 each,$20.00,$20.00 per 1ea
Vicks Nasal Decongestant Inhaler | 2 pack,$13.90,$6.95 per 1ea
,$19.00,$2.53 per 100mL | Was $38.00
Gaviscon Extra Strength Peppermint Liquid | 300mL,$15.50,$5.17 per 100mL
﻿Listerine Total Care Antibacterial Mouthwash | 1L,$17.00,$1.70 per 100mL
Gillette Blue 11 Plus Razors | 20 pack,$17.00,$0.85 per 1ea
Polident Denture Adhesive Cream Flavour Free | 60g,$13.00,$21.67 per 100g
Neutrogena Hair Shampoo T Gel | 200mL,$15.00,$7.50 per 100mL
Cenovis Mega Vitamin C 1000mg Tablets For Immunity | 100 pack,$15.90,$0.16 per 1ea
Lemsip Max With Decongestant Lemon | 10 pack,$15.00,$1.50 per 1ea
Oral-B Sensitive Electric Toothbrush Head | 2 pack,$15.00,$7.50 per 1ea
Gillette Mach3+ Razor Cartridge | 4 pack,$17.00,$4.25 per 1ea
Banana Boat SPF 50+ Dry Balance Spray | 175g,$21.00,$12.00 per 100g
Hydralyte Effervescent Tablets Apple Blackcurrant | 40 pack,$23.00,$0.58 per 1ea
Blackmores Odourless Fish Oil Omega-3 Capsules | 200 pack,$22.00,$11.00 per 100ea
Original Source Shower Gel Vanilla & Raspberry | 500mL,$8.00,$1.60 per 100mL
Lifestyles Ultra Thin Condoms | 20 pack,$9.00,$0.45 per 1ea | Was $11.00 on Apr 2022
Dove Men+Care Clean Comfort Body And Face Wash | 1L,$17.00,$17.00 per 1L
Imodium Advanced Diarrhoea Plus Wind Pain Chewable Tablets Mint Flavour | 6 pack,$11.30,$1.88 per 1ea
Elastoplast Aqua Protect Xxl | 5 pack,$15.00,$3.00 per 1ea
Carefree Original Fragrance Free Regular Tampons | 16 pack,$4.50,$0.28 per 1ea
Norsca Natural Deodorant Floral Fresh Roll On | 50mL,$8.00,$16.00 per 100mL
Tresemme Shampoo Nourish & Shine | 940mL,$14.00,$1.49 per 100mL
Tresemme Conditioner Nourish & Shine | 940mL,$14.00,$1.49 per 100mL
Colgate 360 Advanced Soft Toothbrush | 4 pack,$18.00,$4.50 per 1ea
Libra Liners Double 2-in-1 | 25 pack,$3.50,$0.14 per 1ea
Neutrogena Ultra Sheer Body Mist Sunscreen SPF 50 | 140g,$18.00,$12.86 per 100g
Nudy Rudy Berrylicious Soap | 120g,$4.00,$3.33 per 100g
Nivea Women Roll On Intense Protection Comfort | 50mL,$4.00,$8.00 per 100mL
Skin Control Micro Dart Pimple Patch | 9 pack,$13.00,$1.44 per 1ea
Bondi Sands Skincare Fresh'N Up Gel Cleanser | 150mL,$15.00,$10.00 per 100mL
Colgate My First Child Toothbrush | 1 pack,$3.50,$3.50 per 1ea
Coles Dual Sided Nail Sharper | 2 pack,$5.50,$2.75 per 1ea
Coles Ergonomic Pumice Stone | 1 each,$4.00,$4.00 per 1ea
Coles Nail Polish Remover Wipes | 25 pack,$2.00,$0.08 per 1ea
Coles Thick Ponytailers Snagless Brown | 28 pack,$6.80,$0.24 per 1ea
Coles Mint Fresh Mouthwash Green | 1L,$4.00,$0.40 per 100mL
Coles Fabric Medistrips | 50 pack,$3.00,$0.06 per 1ea
Coles Ibuprofen Mini Capsules Bottle | 25 pack,$2.80,$0.11 per 1ea | Was $3.50 on Nov 2021
KOi Lavender & Argan Oil Bar Soap | 100g,$3.00,$3.00 per 100g
Coles Alcohol Wipes | 50 pack,$2.50,$0.05 per 1ea
Coles Toothpaste Total Care | 140g,$1.50,$1.07 per 100g
Oral B Charcoal Bamboo Toothbrush Soft | 1 pack,$3.00,$3.00 per 1ea
Coles Classic Dressing Adhesive Tape 2.5cm x 5m | 1 each,$6.00,$6.00 per 1ea
Schick Xtreme 3 Eco Disposable Razors | 6 pack,$3.75,$0.63 per 1ea | Was $7.50
Colgate Plax Kids Mouthwash | 250mL,$4.00,$1.60 per 100mL | Was $5.00
Palmolive Body Butter Body Wash Manuka Honey | 400mL,$4.00,$1.00 per 100mL
David Beckham Classic Body Spray | 150mL,$4.00,$2.67 per 100mL | Was $8.00
Listerine Total Care Antibacterial Mouthwash Clean Mint | 100mL,$3.50,$3.50 per 100mL
Sukin Hydration Deeply Hydrating Sheet Mask | 1 pack,$4.50,$4.50 per 1ea | Was $9.00
Coles SPF 50+ Sunscreen Kids Tube | 100mL,$4.00,$4.00 per 100mL
Piksters Interdental Brush Size 00 | 10 pack,$4.90,$0.49 per 1ea
Tresemme Rich Moisture Shampoo | 100mL,$4.00,$4.00 per 100mL
Cleanwipe Lens Cleaner | 20 pack,$4.50,$0.23 per 1ea
Femfresh Wipes Sensitive | 20 pack,$5.20,$0.26 per 1ea | Was $6.50
Voost Multivitamin + Minerals Orange 20 Effervescent Tablets | 1 Pack,$5.40,$5.40 per 1ea | Was $9.00
Voost Effervescent Collagen Tablets | 20 pack,$5.40,$27.00 per 100ea | Was $9.00
Voost Effervescent Mega B Tablets | 20 pack,$5.40,$27.00 per 100ea | Was $9.00
Sukin Hand & Nail Cream Tube | 125mL,$5.50,$4.40 per 100mL | Was $11.00
Sukin Hand & Nail Cream Tube | 125mL,$5.50,$4.40 per 100mL | Was $11.00
Colgate Optic White Alcohol Free Whitening Mouthwash With Optic Brightener | 500mL,$5.60,$1.12 per 100mL | Was $8.00
Dove Antiperspirant Pomegranate & Lemon Roll On For Women's | 50mL,$4.50,$9.00 per 100mL
Palmolive Kids 3 In 1 Funny Honey | 700mL,$6.00,$0.86 per 100mL
Batiste Floral & Flirty Blush Dry Shampoo | 50mL,$6.00,$12.00 per 100mL
Scunci No Slip Grip Octopus Clips | 2 pack,$6.30,$3.15 per 1ea | Was $9.00
Rexona Women Clinical Protection Antiperspirant Cream Gentle Dry | 45mL,$6.50,$14.44 per 100mL
Revlon Colorsilk Black 10 Hair Color | 1 pack,$6.50,$6.50 per 1ea | Was $9.00
Revlon Colorsilk Medium Brown 41 Hair Color | 1 pack,$6.50,$6.50 per 1ea | Was $9.00
Olay Base Cream Normal | 100g,$6.50,$6.50 per 100g | Was $13.00
Schwarzkopf Taft Maximum Hold Styling Lacquer | 200g,$5.00,$2.50 per 100g | Was $5.50 on Jul 2022
Schwarzkopf Taft Power Cashmere Touch Lacquer | 200g,$5.00,$2.50 per 100g | Was $5.50 on Jul 2022
Jiinju Gold Foil Sheet Mask | 30mL,$6.00,$2.00 per 10mL
Hydralyte  Apple Blackcurrant 10 Effervescent Electrolyte Tablets | 1 pack,$6.90,$0.69 per 1ea | Was $8.40
Organic Care Vanilla Ylang Ylang Moisturising Body Wash | 725mL,$7.00,$0.97 per 100mL
Schwarzkopf Extra Care Strong Hold Mousse | 150g,$6.50,$4.33 per 100g
Gillette Refreshing Breeze Shave Gel | 195g,$6.50,$3.33 per 100g
Carefree Original Fragrance Free Super Tampons | 16 pack,$4.50,$0.28 per 1ea
Impulse Illusions Body Spray | 75mL,$6.00,$8.00 per 100mL
Head & Shoulders Shampoo Clean Balanced | 400mL,$7.50,$1.88 per 100mL | Was $15.00
Head & Shoulders Cool Menthol 2 In 1 | 350mL,$7.50,$2.14 per 100mL | Was $15.00
Booby Tape Silicone Nipple Covers | 1 pack,$7.50,$7.50 per 1ea | Was $15.00
Oral B 3D White Lasting White Enamel Strong Toothpaste | 95g,$7.50,$7.89 per 100g | Was $15.00
Olay Complete Lotion UV Normal/Dry | 150mL,$7.50,$5.00 per 100mL | Was $15.00
Schick Intuition Pure Nourishment Coconut Milk Razor Kit | 1 pack,$7.50,$7.50 per 1ea | Was $15.00
Burt's Bees Pomegranate Lip Balm | 4.25g,$7.00,$164.71 per 100g
Cedel Extra Firm Hairspray | 250g,$5.50,$2.20 per 100g
Health Basics Dermaplus Body Wash | 1L,$8.00,$0.80 per 100mL | Was $10.00
Kids Battery Toothbrush With Spare Head Cap & Flossers | 1 pack,$8.40,$8.40 per 1ea | Was $12.00
Head & Shoulders Shampoo Clean Balanced | 200mL,$8.00,$4.00 per 100mL
Dove Nutritive Solutions Daily Moisture Conditioner | 320mL,$7.70,$2.41 per 100mL
Nulax Fruit Laxative | 250g,$7.75,$3.10 per 100g
Polident Denture Cleanser Fresh Active Tablets | 36 pack,$6.10,$0.17 per 1ea
Gillette Venus Smooth Women's Razor | 1 pack,$8.50,$8.50 per 1ea
Head & Shoulders Ultra Men 2 in 1 Sport Fresh Shampoo | 550mL,$10.00,$1.82 per 100mL | Was $20.00
Depend Real Fit Incontinence Underwear Regular Women Extra Large | 8 pack,$10.24,$1.28 per 1ea
Pantene  Colour Protection Shampoo | 375mL,$9.00,$2.40 per 100mL
Nivea 3 In 1 Cleansing Micellar Wipes | 25 pack,$8.00,$0.32 per 1ea
Dove Antiperspirant Aerosol Cucumbr And Grn Tea Zero Almnm | 200mL,$8.50,$4.25 per 100mL
Nivea Men Face Wash for Sensitive Skin + Chamomile & Vitamin E | 100mL,$9.50,$9.50 per 100mL
Centrum Multivitamin Tablets For Men 50+ | 1 each,$10.75,$17.92 per 100ea | Was $21.50
,$10.75,$17.92 per 100ea | Was $21.50
Brylcreem Protein Enriched Regular Hair Preparation For Men | 150mL,$6.25,$4.17 per 100mL
TOM Organic Super Tampons | 16 pack,$6.00,$0.38 per 1ea
LifeStyles Uber Thin Zero Condoms  | 10 pack,$10.50,$1.05 per 1ea
Gillette Blue 3 Disposable Shaving Razor | 8 pack,$11.00,$1.38 per 1ea
Dove Shampoo Nourishing Moisture | 820mL,$11.90,$1.45 per 100mL | Was $17.00
Dove Shampoo Restoring Ritual | 820mL,$11.90,$1.45 per 100mL | Was $17.00
Dove Conditioner Intensive Repair | 820mL,$11.90,$1.45 per 100mL | Was $17.00
Bio Specialist Skincare Oil | 60mL,$12.00,$20.00 per 100mL | Was $15.00
Nyal Dry Cough Mixture | 200mL,$8.50,$4.25 per 100mL
Strepsils Throat Lozenges Value Pack | 36 pack,$12.00,$0.33 per 1ea
Skin Republic Collagen Hydrogel Under Eye Patches | 6 pack,$10.00,$3.33 per 1ea
Clearwipe Lens Cleaner | 60 pack,$9.30,$0.16 per 1ea
Voost Multivitamin Orange 40 Effervescent Tablets | 2 pack,$12.00,$6.00 per 1ea | Was $13.75 on May 2022
St Ives Blemish Control Apricot Scrub | 150mL,$11.50,$7.67 per 100mL
Depend Real Fit Incontinence Underwear Super Women Large | 8 pack,$13.60,$1.70 per 1ea | Was $17.00
Nad's Hypoallergenic Facial Wax Strips | 20 pack,$10.50,$0.53 per 1ea
Glow Lab Rhubarb & Rose Body Wash | 900mL,$18.00,$2.00 per 100mL
,$12.00,$14.12 per 100g
Nivea Daily Essentials Wash Cream Gentle Cleansing | 150mL,$12.00,$8.00 per 100mL
Nivea Daily Essentials Wash And Scrub 2 In 1 | 150mL,$12.00,$8.00 per 100mL
Skyn Maximum Performance Lubricant | 80mL,$11.00,$13.75 per 100mL
Polident Max Seal Denture Adhesive Cream | 40g,$10.50,$26.25 per 100g
Voltaren Emulgel No Mess Applicator | 75g,$16.00,$21.33 per 100g | Was $21.00
Nivea Men Deep Antibacterial After Shave Lotion | 100mL,$12.00,$12.00 per 100mL
Nivea Daily Essentials Sensitive Micellar Clensing Water | 400mL,$12.00,$3.00 per 100mL
Selsun Gold Anti Dandruff Shampoo Treatment | 200mL,$11.30,$5.65 per 100mL
Pantene Conditioner Repair & Protect | 400mL,$15.00,$3.75 per 100mL
Pantene 3mm Conditioner Daily Moisture Renewal | 400mL,$15.00,$3.75 per 100mL
Colgate Neutrafluor Mouthwash Alcohol Free | 473mL,$13.00,$2.75 per 100mL
Batiste Original Dry Shampoo | 350mL,$17.00,$4.86 per 100mL
Batiste Tropical Dry Shampoo | 350mL,$17.00,$4.86 per 100mL
Nivea Sun SPF 50+ UV Face Shine Control | 50mL,$14.50,$29.00 per 100mL
Ogx Biotin & Collagen Conditioner | 750mL,$19.00,$2.53 per 100mL | Was $38.00
Nurofen Cold & Flu Ibuprofen 200mg Tablets | 24 pack,$15.30,$0.64 per 1ea
First Response Pregnancy Test Instream | 3 pack,$18.00,$6.00 per 1ea
Oral B Vitality Gum Care Electric Toothbrush | 1 pack,$20.00,$20.00 per 1ea | Was $50.00
,$15.00,$17.65 per 100g
Eco Tools Essential Eye Collection | 6 pack,$20.00,$20.00 per 1ea
Polident Denture Adhesive Fresh Mint | 60g,$13.00,$21.67 per 100g
Veet Shea Butter & Berry Cold Wax Strips | 40 pack,$15.00,$0.38 per 1ea
Nature's Way Kids Smart Probiotic 50 Milk Chocolate Balls | 125g,$17.00,$13.60 per 100g
Reef SPF 15 Coconut Oil Spray | 220mL,$17.50,$7.95 per 100mL
Pantene Pro-V Always Smooth & Sleek Shampoo | 900mL,$19.00,$2.11 per 100mL
Nivea Sun SPF 50+ Sunscreen Ultra Sport Spray | 200mL,$19.00,$9.50 per 100mL
,$18.50,$0.51 per 1ea
Blackmores Bio C 1000mg Vitamin C Immune Tablets | 62 pack,$21.00,$33.87 per 100ea
Nature's Way Vita Gummies Sugar Free Multi Trio | 75 pack,$21.00,$0.28 per 1ea
Bondi Sands  One Hour Express Tanning Foam | 200mL,$23.00,$11.50 per 100mL
Nature's Way Garlic + C & Horseradish Tablets | 200 pack,$24.00,$0.12 per 1ea
Blackmores Vitamin D3 1000IU Immune Capsules | 200 pack,$30.00,$15.00 per 100ea
Cetaphil Daily Face Hydrating Lotion | 88mL,$22.00,$25.00 per 100mL
Berocca Effervescent Performance Tablets | 45 Pack,$22.80,$50.67 per 100ea
Banana Boat Dry Balance SPF50+ Sunscreen | 400g,$24.00,$6.00 per 100g
Gillette Mach3+ Razor Cartridge | 8 pack,$26.00,$3.25 per 1ea
Band-Aid Waterproof Aquablock Sterile Strips | 40 pack,$6.00,$0.15 per 1ea
Thankyou Botanical Sweet Orange & Almond Hand Wash Refill | 1L,$12.50,$1.25 per 100mL
Gillette Sensor 3 Sensitive Disposable Razors | 4 pack,$7.00,$1.75 per 1ea
Palmolive Luminous Oils Bar Soap Coconut | 270g,$3.70,$1.37 per 100g
Dermaveen Daily Nourish Soap Free Wash | 1L,$25.00,$2.50 per 100mL
Dove Women Antiperspirant Roll On Deo Peach | 50mL,$4.50,$9.00 per 100mL
Rexona Women's Classic Antiperspirant Aerosol Deodorant | 250mL,$6.00,$2.40 per 100mL | Was $6.50 on May 2022
Glow Lab Cream Body Wash | 900mL,$18.00,$2.00 per 100mL
Cancer Council Sunscreen Sport SPF50+ | 110mL,$14.00,$12.73 per 100mL
Brut Deodorant Body Spray Original | 130g,$7.50,$5.77 per 100g
Nivea Men Face Wash Deep Rapid Acne Clear | 150mL,$15.00,$10.00 per 100mL
Neutrogena Hydro Boost Hyaluronc Acid Night Cream | 50g,$33.00,$66.00 per 100g
Redwin Sorbolene Moisturiser | 550mL,$8.00,$1.45 per 100mL
OC Naturals French Pear & Apple Bodywash | 725mL,$7.00,$0.97 per 100mL
Vaseline Deep Restore Body Lotion | 35mL,$3.50,$10.00 per 100mL
Coles Emery Boards | 10 pack,$2.25,$0.23 per 1ea
Coles Slant Tip Tweezer | 1 pack,$4.00,$4.00 per 1ea
Coles Soap Case | 1 pack,$1.80,$1.80 per 1ea
Coles Toe Nail Clipper | 1 pack,$5.00,$5.00 per 1ea
Oral B Junior Spiderman Toothpaste | 92g,$1.75,$1.90 per 100g | Was $3.50
Schick Exacta 2 Disposable Sensitive Razors for Women | 5 pack,$2.00,$0.40 per 1ea | Was $4.00
Coles Brown Bobby 100 Pins  | 1 pack,$5.00,$5.00 per 100ea
Coles Rapid Tablets Ibuprofen | 24pack,$5.00,$0.21 per 1ea | Was $5.90 on Apr 2022
Coles Pain Relief Extra | 20 pack,$5.00,$0.25 per 1ea | Was $5.90 on Jun 2022
Coles Chest Rub Ointment | 100g,$3.50,$3.50 per 100g
Coles  Interdental Brushes 0.45mm | 10 pack,$3.75,$0.38 per 1ea
U by Kotex Tampons Super | 16 pack,$3.18,$0.20 per 1ea | Was $4.55
Femfresh Wipes | 10 pack,$3.20,$0.32 per 1ea | Was $4.00
Cottons Organic Overnight Pads | 10 pack,$3.25,$0.33 per 1ea | Was $5.50
Scunci No Damage Skinny Elastics | 24 pack,$3.50,$0.15 per 1ea | Was $5.00
Listerine Smart Rinse Anti Cavity Kids' Mouthwash Berry Shield | 500mL,$4.00,$0.80 per 100mL
David Beckham  Classic Blue Man Deodorant Spray | 150mL,$4.00,$2.67 per 100mL | Was $8.00
Rexona Clinical Protection Antiperspirant Roll On Shower Clean  | 50mL,$4.00,$8.00 per 100mL | Was $8.00
David Beckham Respect Deodorant | 150mL,$4.00,$2.67 per 100mL | Was $8.00
Cancer Council Sunscreen SPF 50 Moisturising Travel | 35mL,$4.00,$11.43 per 100mL | Was $5.00
OC Naturals Coconut Repair Conditioner | 400mL,$3.70,$0.93 per 100mL
Scunci Snap Clips Large | 6 pack,$4.20,$0.70 per 1ea | Was $6.00
Manicare Clipper Deluxe Nail With File | 1 pack,$4.44,$4.44 per 1ea | Was $7.40
Bosistos Desert Lime & Eucalyptus Hand Wash Pump | 500mL,$4.50,$0.90 per 100mL | Was $9.00
Grants Of Australia Bamboo Toothbrush | 1 pack,$4.00,$4.00 per 1ea
Coles Bristle Bath Brush | 1 pack,$10.00,$10.00 per 1ea
Coles Sports Strapping Tape 38mm | 1 each,$7.00,$7.00 per 1ea
Anihana Shower Steamer Peppermint & Eucalyptus | 50g,$5.00,$10.00 per 100g
Voost Effervescent Kids Multivitamin Tablets | 20 pack,$5.40,$0.27 per 1ea | Was $9.00
Caredent 10K Super Soft Toothbrush | 1 pack,$5.00,$5.00 per 1ea
Scunci Dent Free Spiral Ponytailers 12 pieces | 1 pack,$5.60,$5.60 per 1ea | Was $8.00
Colgate Kids 4-6 Years Strawberry Toothpaste | 80g,$4.00,$5.00 per 100g
Garnier Hydrabomb Anti Aging Eye Mask | 6g,$5.00,$83.35 per 100g
Dettol Hand Sanitiser Clippy Pink | 50mL,$3.95,$7.90 per 100mL
Dove Antiperspirant Invisible Dry Roll On Deodorant For Men | 50mL,$4.50,$9.00 per 100mL
Deep Heat Low Odour Pain Relief Cream | 100g,$5.90,$5.90 per 100g | Was $7.30
Herbal Essences Bio Renew White Grapefruit & Mosa Mint Shampoo | 400mL,$6.00,$1.50 per 100mL | Was $12.00
Beach Road Naturals Lavender & Camomile Hand Cream | 100mL,$6.00,$6.00 per 100mL | Was $12.00
Palmolive Naturals Intensive Moisture Conditioner | 700mL,$6.00,$0.86 per 100mL
,$6.00,$0.86 per 100mL
Coles Womens 5 System Razor | 1 pack,$6.50,$6.50 per 1ea
Dove Antiperspirant Invisible Dry Roll On Deodorant For Women | 50mL,$4.50,$9.00 per 100mL
Schwarzkopf Taft Strong Hold Hair Spray | 200g,$5.00,$2.50 per 100g | Was $5.50 on Jul 2022
Blistex Lip Conditioner | 7g,$5.00,$71.43 per 100g
Scunci Prepare Vent Brush | 1 pack,$7.00,| Was $10.00
Band-Aid Extra Wide Plastic Strips | 40 pack,$5.00,$0.13 per 1ea
OC Naturals Mango & Papya Refreshing Body Wash | 725mL,$7.00,$0.97 per 100mL
L'Oreal Elvive Extraordinary Coconut Oil Mask | 300mL,$7.20,$2.40 per 100mL | Was $12.00
Nyal Ibuprofen Tablets | 24 pack,$4.80,$0.20 per 1ea
Schwarzkopf Extra Care Volume Styling Mousse | 150g,$6.50,$4.33 per 100g
Palmolive Naturals Active Nourishment Conditioner | 350mL,$6.00,$1.71 per 100mL
Palmolive Naturals Intensive Moisture Shampoo | 350ml,$6.00,$1.71 per 100mL
Clearasil Rapid Action Pimple Face Cleanser Pads | 65 Pack,$7.40,$0.11 per 1ea | Was $14.80
Stayfree All Nights Regular Pads With Wings | 10 pack,$6.00,$0.60 per 1ea
Impulse Body Spray Romantic Spark | 75mL,$6.00,$8.00 per 100mL
Burt's Bees Beeswax Lip Balm | 4.25g,$7.00,$16.47 per 10g
Neutrogena Hydro Boost Hyaluronic Acid Hydrating Hydrogel Mask | 30g,$7.00,$23.33 per 100g
Nivea Body Lotion Rich | 250mL,$6.00,$2.40 per 100mL
Batiste Pretty & Delicate Rose Gold Dry Shampoo | 200mL,$8.00,$4.00 per 100mL | Was $12.00
,$8.00,$2.00 per 100mL | Was $16.00
Elastoplast Sensitive Dressing 6cm X 10cm | 10 pack,$6.50,$0.65 per 1ea
Durex Play & Massage 2 In 1 Lubricant Gel Aloe Vera | 200mL,$8.50,$4.25 per 100mL | Was $10.00
Nivea Men Moisturising Shaving Gel + Aloe Vera | 200mL,$6.50,$3.25 per 100mL
Brut Original Ultra Shaving Gel | 200g,$6.80,$3.40 per 100g
Polident Denture Cleanser Whitening Tablets | 36 pack,$6.10,$0.17 per 1ea
Norsca Clear Passion Flower Antiperspirant Deodorant | 150g,$7.50,$3.06 per 100mL
Norsca Antiperspirant Adrenalin Deodorant For Men | 245mL,$7.50,$3.06 per 100mL
Band-Aid Advanced Healing Hydro Seal Blister Block | 4 pack,$8.50,$2.13 per 1ea
Skyn Close Feel Condoms | 10 pack,$9.00,$0.90 per 1ea | Was $10.50
LifeStyles Skyn Large Comfortable Fit Condoms | 10 Pack,$9.00,$0.90 per 1ea | Was $10.50
Difflam Strawberry Flavour Regular Lozenges | 16 pack,$6.50,$0.41 per 1ea
Head & Shoulders Shampoo Itchy Scalp | 660mL,$9.50,$1.44 per 100mL | Was $19.00
Head & Shoulders Conditioner Smooth & Silky | 660mL,$9.50,$1.44 per 100mL | Was $19.00
Centrum Advance 50+ Multivitamin Tablets | 60 pack,$9.50,$15.83 per 100ea | Was $19.00
Biore Charcoal Deep Cleansing Pore Strips | 6 pack,$7.50,$1.25 per 1ea
Gastro Stop Plus Chewable Tabs | 6 pack,$10.00,$1.67 per 1ea
Always Discreet Long Incontinence Pads | 10 pack,$8.50,$0.85 per 1ea
Dettol PVC Antiseptic | 250mL,$6.60,$2.64 per 100mL
TOM Organic Ultra Thin Liners | 26 pack,$6.00,$0.23 per 1ea
Head & Shoulders Supreme Scalp Purify & Volume Shampoo | 550mL,$10.00,$1.82 per 100mL | Was $20.00
Kings Domain Hair Clay Crafting | 85g,$10.00,$11.76 per 100g | Was $16.00
Schwarzkopf Extra Care Strong Hold Hair Spray | 200mL,$8.50,$4.25 per 100mL
Sukin X Reef Aid Cleansing Hand Wash Pump | 500mL,$11.00,$2.20 per 100mL
Schwarzkopf Extra Care Super Hold Hair Lacquer | 250g,$8.50,$3.40 per 100g
Schwarzkopf Extra Care Ultimate Style Hair Spray | 250g,$8.50,$3.40 per 100g
Lynx Aerosol Voodoo Deodorant | 165mL,$8.00,$4.85 per 100mL
Lynx Aerosol Ice Chill Antiperspirant | 165mL,$8.00,$4.85 per 100mL
Beach Road Natural Organic Coconut Oil & Kaffir Lime Castile Body Wash | 1L,$10.80,$1.08 per 100mL | Was $18.00
Gillette Venus Satin Care Sensitive Skin Shaving Gel | 195g,$8.00,$4.10 per 100g
Colgate Zig Zag Flex Soft Toothbrush | 3 pack,$7.80,$2.60 per 1ea
Veet Hair Removal Cream For Sensitive Skin | 100g,$7.00,$7.00 per 100mL | Was $8.75 on Nov 2017
Radox Feel Extreme Men Body Wash | 1L,$12.00,$1.20 per 100mL
,$11.50,$0.36 per 1ea
Hismile Toothpaste Coconut Whip | 60g,$13.00,$21.67 per 100g
Hismile Toothpaste Mango Sorbet | 60g,$13.00,$21.67 per 100g
Listerine Total Care Zero Mouthwash | 500mL,$10.00,$2.00 per 100mL
Radox Muscle Relax Bath Salts | 900g,$10.40,$1.16 per 100g
L'Oreal Elvive Extraordinary Extra Rich Oil | 100mL,$13.20,$13.20 per 100mL | Was $22.00
Veet Face Precision Wax Strips Sensitive Skin | 20 pack,$9.00,$0.45 per 1ea
Isocol Antiseptic Rubbing Alcohol | 345mL,$13.00,$3.77 per 100mL
Ural Sugar Free 20 Effervescent Powder Sachets | 1 pack,$8.40,$8.40 per 1ea
Cetaphil Moisturising Cream | 100g,$11.00,$11.00 per 100g
Cenovis Mega Vitamin C 1000mg Tablets For Immunity | 60 pack,$10.75,$0.18 per 1ea
Banana Boat SPF 50+ Baby Roll On Sunscreen | 75mL,$12.50,$16.67 per 100mL
Nivea Daily Essentials Exfoliating Scrub Gentle | 150mL,$12.00,$8.00 per 100mL
Nivea Daily Essentials Wash Scrub Anti Blemish | 150mL,$12.00,$8.00 per 100mL
Tena Plus Night Pants | 12 pack,$15.33,$1.28 per 1ea | Was $21.90
Bulldog Original Moisturiser Skincare For Men | 100mL,$14.00,$14.00 per 100mL
Neutrogena Fresh Foaming Cleanser | 200mL,$16.00,$8.00 per 100mL
Betadine Sore Throat Gargle Concentrated | 15mL,$13.00,$86.67 per 100mL
Telfast Hayfever Allergy Relief 60mg Antihistamine Tablets | 20 pack,$12.60,$0.63 per 1ea
Epzen Magnesium Bath Crystals Relax | 900g,$13.00,$1.44 per 100g
Pantene 3mm Conditioner Colour Protect | 400mL,$15.00,$3.75 per 100mL
Sukin Hydrating Shampoo | 500mL,$19.00,$3.80 per 100mL
Vaseline Intensive Care Deep Restore Body Lotion | 750mL,$16.00,$2.13 per 100mL
Hydralyte  Electrolyte Powder Orange Flavour | 10 pack,$15.15,$1.52 per 1ea
Sukin Botanical Body Wash Lime & Coconut Pump | 1L,$13.00,$1.30 per 100mL
Sukin Deep Cleanse Shampoo | 500mL,$19.00,$3.80 per 100mL
Ogx Nourishing + Hydrating Coconut Milk Shampoo For Dry Hair | 750mL,$19.00,$2.53 per 100mL | Was $38.00
Neutrogena Oil Free Acne Wash Face Cleanser | 175mL,$17.50,$10.00 per 100mL
Nature's Way Kids Smart Vita Gummies Multi-Vitamin | 60 pack,$16.50,$0.28 per 1ea
,$16.00,$3.01 per 100mL
Oral B Vitality Precision Clean Electric Toothbrush | 1 pack,$20.00,$20.00 per 1ea
Garnier Micellar Rose Water | 400mL,$15.00,$3.75 per 100mL
Hydralyte Electrolyte Powder Apple & Blackcurrant | 10 pack,$15.15,$1.52 per 1ea
Toni & Guy Purple Shampoo | 250mL,$19.00,$7.60 per 100mL
Sukin Signature Botanical Body Wash Pump | 1L,$13.00,$13.00 per 1L | Was $21.00 on Jan 2020
Banana Boat SPF 50+ Sunscreen Sport | 200g,$19.00,$9.50 per 100g
L'Oreal Men Expert Hydra Energetic Moisturiser | 50mL,$18.00,$36.00 per 100mL
,$18.00,$0.75 per 1ea
Cancer Council Ultra SPF 50+ | 250mL,$19.50,$7.80 per 100mL
Banana Boat Sport 50+ Clear Spray | 175g,$17.50,$10.00 per 100g
Cenovis Turmeric 3100 Capsules w. Curcuminoids For Joints | 80 pack,$18.60,$0.23 per 1ea
Blackmores Bio Zinc Skin & Immune Vitamin Tablets | 84 pack,$24.00,$28.57 per 100ea
Cetaphil Face Moisturiser | 118mL,$22.00,$18.64 per 100mL
Blackmores Omega Triple Concentrated Fish Oil Capsules | 60 pack,$27.00,$45.00 per 100ea
L'Oreal Paris Excellence Creme Dark Brown Hair Colour | 1 pack,$24.00,$24.00 per 1ea
Cetaphil Moisturising Cream | 550g,$26.50,$4.82 per 100g
Cetaphil Daily Advance Lotion | 473mL,$30.00,$6.34 per 100mL
Life-Space Broad Spectrum Probiotic Capsules | 40 pack,$28.00,$0.70 per 1ea
Metamucil Daily Fibre Supplement Smooth Orange 114 Doses | 673g,$35.90,$5.33 per 100g
Pantene Nature Fusion Shampoo | 900mL,$19.00,$2.11 per 100mL
Aveeno Active Naturals Skin Relief Fragrance Free Body Wash | 1L,$30.00,$3.00 per 100mL
Dove Weightless Shampoo Detox & Nourish | 300mL,$7.70,$2.57 per 100mL
OC Naturals Silky Smooth Conditioner | 400mL,$3.70,$0.93 per 100mL
Nivea Men Anti Age Face Cream SPF15 | 50mL,$20.00,$40.00 per 100mL
Radox Feel Oxygenated Shower Gel Body Wash | 1L,$12.00,$1.20 per 100mL
White Glo Professional Whitening Toothpaste | 205g,$9.00,$4.39 per 100g
Oral B 3D White Electric Brush Replacement Head | 3 pack,$25.50,$8.50 per 1ea
Elastoplast Marvel Kids Adhesive Strips | 20 pack,$3.80,$0.19 per 1ea
Tresemme Shampoo Volume & Fullness | 940mL,$14.00,$1.49 per 100mL
Tena Pads Insta Dry Standard | 20 pack,$10.00,$0.50 per 1ea | Was $10.80 on Nov 2022
Nivea Women Deodorant Roll On Pearl & Beauty | 50mL,$4.00,$8.00 per 100mL
Natures Way High Strength Gummies Sugar Free Multi | 65 pack,$25.00,$0.38 per 1ea
Coles Wide Tooth Comb | 1 pack,$3.50,$3.50 per 1ea
Coles Essentials Beauty Kit | 1 pack,$5.60,$5.60 per 1ea
Coles Hypoallergenic Transparent Spots | 30 pack,$3.00,$0.10 per 1ea
Coles Black Bobby 100 Pins  | 1 pack,$5.00,$5.00 per 1ea
Coles Pro Zero Mouthwash | 500mL,$4.00,
Coles Natural Toothbrush | 1 each,$3.00,$3.00 per 1ea
Nature's Organics Fruits Wild Berry Conditioner | 500mL,$2.00,$0.40 per 100mL
Coles Hairspray | 250g,$3.00,$1.20 per 100g
Mitchum Men's Roll On Unscented Antiperspirant Deodorant  | 50mL,$3.52,$7.04 per 100mL | Was $4.40
Caredent Interbrush Soft Pick | 40 pack,$5.00,$0.13 per 1ea
Coles Sensitive Dressings 6x10Cm | 10 pack,$4.00,$0.40 per 1ea
David Beckham Inspired By Respect | 150mL,$4.00,$2.67 per 100mL | Was $8.00
David Beckham Body Spray Deodorant Homme | 150mL,$4.00,$2.67 per 100mL | Was $8.00
Coles Assure Pads Super | 14 pack,$3.50,$0.25 per 1ea
Libra Cotton Pads Regular Wings | 12 pack,$4.40,$0.37 per 1ea | Was $5.50
OC Naturals Styling Hair Gel | 250g,$3.00,$1.20 per 100g
Mitchum Natural Power Coconut | 40g,$4.50,$11.25 per 100g | Was $7.50
Headgear Styling Range Matte Shaper | 100g,$4.50,$4.50 per 100g | Was $9.00
Nair Sensitive Facial Hair Removal Cream | 20g,$4.80,$24.00 per 100g | Was $6.00
Monday Conditioner Moisture | 350mL,$5.00,$1.43 per 100mL | Was $10.00
Nair Sensitive Hair Remover Cream | 75g,$5.60,$7.47 per 100g | Was $7.00
KOi Jasmine & Sandalwood Hand Wash | 500mL,$7.00,$1.40 per 100mL
Coles Loperamide Anti-Diarrhoea Capsules | 8 pack,$7.00,$0.88 per 1ea
Colgate Kids 0-3 Years Mild Fruit Toothpaste | 80g,$4.00,$5.00 per 100g
Beach Road Naturals Coconut & Kaffier Lime Castile Hand Wash | 500mL,$6.00,$1.20 per 100mL | Was $10.00
Libra Night Pants Large | 2 pack,$4.40,$2.20 per 1ea
Batiste Volume Dry Shampoo | 50mL,$6.00,$12.00 per 100mL
Glow Lab Coconut & Spiced Fig Hand Wash | 300mL,$8.00,$2.67 per 100mL
Glow Lab Amber & Sage Hand Wash | 300mL,$8.00,$2.67 per 100mL
Glow Lab Lemongrass & Vetiver Antibacterial Handwash | 300mL,$8.00,$2.67 per 100mL
Schwarzkopf Taft Curl Defining Mousse | 200g,$5.00,$2.50 per 100g | Was $5.50 on Jul 2022
Scunci Basic Animal Print Assorted Headwraps | 5 pack,$7.00,$7.00 per 5ea | Was $10.00
Final Net Superhold Hair Lacquer | 400g,$7.00,$1.75 per 100g | Was $10.00
Schwarzkopf Extra Care Strong Hold Hair Spray | 100g,$6.50,$6.50 per 100g
L'Oreal Elvive Extraordinary Oil Nourishing Masque Dry Hair Mask | 300mL,$7.20,$2.40 per 100mL | Was $12.00
Palmolive Naturals 2 in 1 Antidandruff Shampoo & Conditioner | 350mL,$6.00,$1.71 per 100mL
Scunci 4mm No Damage Black Elastics | 60 pack,$7.35,$7.35 per 60ea | Was $10.50
Redwin Sports Aluminium Free Deodorant Pump | 150mL,$5.85,$3.90 per 100mL
Impulse Wanderlust Deodorant | 75mL,$6.00,$8.00 per 100mL
Sukin Signature Revitalising Facial Scrub | 125mL,$7.50,$6.00 per 100mL | Was $15.00
Sukin Foaming Facial Cleanser Pump | 125mL,$7.50,$6.00 per 100mL | Was $15.00
Sukin Signature Facial Moisturiser Pump | 125mL,$7.50,$6.00 per 100mL | Was $15.00
No Pong Deodorant All Natural Cream Original | 35g,$7.50,$21.43 per 100g | Was $10.00
Vaseline Aloe Soothe Body Lotion | 225mL,$6.50,$2.89 per 100mL
Durex Fetherlite Ultra Thin Feel Condoms | 10 pack,$7.00,$0.70 per 1ea
Cedel Firm Hairspray | 250g,$5.50,$2.20 per 100g
Nivea Soft Cream Face Tube Light | 75mL,$6.00,$8.00 per 100mL
Olay Regenerist Luminous Brightening Cream Cleanser | 100g,$8.00,$8.00 per 100g | Was $16.00
Head & Shoulders Supreme Scalp Repair & Hair Strength Shampoo | 400mL,$8.00,$2.00 per 100mL | Was $16.00
Clairol Natural Instincts 6A Tweed Light Cool Brown Hair Colour | 1 pack,$8.00,$8.00 per 1ea | Was $16.00
Voost Effervescent Sport Hydration Berry | 10 pack,$8.00,$0.80 per 1ea | Was $10.00
Durex KY Jelly Personal Lubricant Gel | 100g,$8.50,$8.50 per 100g | Was $10.00
Nivea Men Deep Shaving Gel + Black Carbon | 200mL,$6.50,$3.25 per 100mL
Coles Tea Tree Oil 20% Solution | 200mL,$7.00,$3.50 per 100mL
Garnier Ampoule Mask Pineapple | 15g,$7.00,$46.67 per 100g
Olay Provital Revitalizing Night Cream | 50g,$8.75,$17.50 per 100g | Was $17.50
OC Naturals Normal Balance Shampoo | 725mL,$6.40,$0.88 per 100mL
Colgate 360 Advanced Soft Manual Toothbrush | 1 pack,$6.00,$6.00 per 1ea
Clearblue Visual Plus Midstream Pregnancy Test Kit | 1 pack,$9.50,$9.50 per 1ea
Sun Genius Hydrating Sunscreen Lotion Tube SPF 50+ | 100mL,$13.00,$13.00 per 100mL
Imodium Zapid Diarrhoea Tablets | 1 pack,$9.00,$1.50 per 1ea | Was $11.30
Coloxyl with Senna Softener Plus Laxative Tablets | 45 pack,$8.00,$0.18 per 1ea
Dove Men+Care Shampoo Daily Deep Clean 2 in 1 | 300mL,$5.50,$1.83 per 100mL | Was $7.50 on Nov 2022
Head & Shoulders Conditioner Clean Balanced | 660mL,$9.50,$1.44 per 100mL
Centrum Advance Multivitamin Tablets | 60 pack,$9.50,$15.83 per 100ea | Was $19.00
Simple Kind To Skin Biodegradable Facial Wipes | 25 Pack,$8.00,$0.32 per 1ea
Schick Quattro Titanium Razor Kit | 1 each,$9.60,$9.60 per 1ea | Was $12.00
Coles Pro Total Power Battery Toothbrush | 1 each,$10.00,
Selsun Blue Anti Dandruff Shampoo Replenishing | 200mL,$5.50,$2.75 per 100mL
1000 Hour Envious Black Lashes | 1 pack,$9.50,$9.50 per 1ea
Listerine Pocketmist Freshburst | 7.7mL,$7.00,$90.92 per 100mL
Coles Cold & Flu Day & Night Capsules | 24 pack,$9.50,$0.40 per 1ea
Caltrate Bone & Muscle Calcium with Vitamin D3 100 Tablets | 1 pack,$10.00,$10.00 per 1ea | Was $20.00
Nivea Men Shower Gel & Body Wash for Sensitive Skin + Bamboo Extract | 500mL,$8.00,$1.60 per 100mL
Gillette Simply Venus Disposable Shaving Razor | 4 pack,$9.50,$2.38 per 1ea
VO5 Frizz Free Cream | 125mL,$6.00,$4.80 per 100mL
Garnier Nutrisse1  Liquorice Permanent Hair Colour | 1 pack,$10.20,$10.20 per 1ea | Was $17.00
Garnier Nutrisse 3 Espresso Permanent Hair Colour | 1 pack,$10.20,$10.20 per 1ea | Was $17.00
Telfast Hayfever Allergy Relief 120mg Antihistamine Tablets | 10 pack,$10.40,$1.04 per 1ea | Was $12.60
Sukin X Reef Aid Botanical Body Wash Cap | 500mL,$9.95,$1.99 per 100mL
Lynx Aerosol Black Night Deodorant | 165mL,$8.00,$4.85 per 100mL
Lynx Aerosol Legend Deodorant | 165mL,$8.00,$4.85 per 100mL
Garnier Fructis Curl Control Mousse | 200mL,$8.50,$4.25 per 100mL
Nivea 3 In 1 Hand Cream Anti Age Q10  | 100mL,$8.50,$8.50 per 100mL
Centrum Multivitamin And Mineral Supplement for Women 60 Tablets | 1 Pack,$10.75,$10.75 per 1ea | Was $21.50
Natures Commonscents Natural Goats Milk & Paw Paw Body Wash | 600mL,$7.50,$1.25 per 100mL
Coles Assure Pants For Women Large | 8 pack,$9.65,$1.21 per 1ea
Radox Muscle Soak Bath Foam | 500mL,$7.20,$1.44 per 100mL
Tresemme Ultimate Hold Hairspray Lacquer | 360g,$8.20,$2.28 per 100g
TOM Organic Super Pads | 10 pack,$6.00,$0.60 per 1ea
TOM Organic Regular Pads | 10 pack,$6.00,$0.60 per 1ea
Thankyou Orange & Almond Liquid Hand Wash | 500mL,$7.50,$1.50 per 100mL
Nyal Bronchitis Cough Medicine | 200mL,$8.50,$4.25 per 100mL
Nivea Deo Aero Black And White Max Protection | 250mL,$8.50,$3.40 per 100mL
Sally Hansen Hard As Nails Clear Nail Polish | 13.3mL,$10.00,$7.52 per 10mL
Nivea Men Deep Anti-Blackhead Scrub | 75mL,$9.50,$12.67 per 100mL
Nivea Men Active Energy Face Wash Gel Cleanser | 100mL,$9.50,$9.50 per 100mL
Dove Shampoo Intensive Repair | 820mL,$11.90,$1.45 per 100mL | Was $17.00
,$8.00,$8.00 per 1ea
Batiste Dry Shampoo Naturally Hemp & Coconut Milk | 200mL,$12.00,$6.00 per 100mL | Was $15.00
Garnier Olia Hair Colour 5.3 Golden Brown | 1 pack,$12.00,$12.00 per 1ea | Was $20.00
Listerine Bright White Multi Action Whitening Mouthwash Lemon Flavour & Salt | 500mL,$10.00,$2.00 per 100mL
Strepfen Intensive Honey & Lemon Lozenges | 16 pack,$10.00,$0.63 per 1ea
Metamucil Orange Smooth Daily Fibre Supplement | 30 pack,$11.90,$0.40 per 1ea
Head & Shoulders Ultramen Shampoo 2 In 1 Old Spice | 750mL,$12.50,$1.67 per 100mL | Was $25.00
Tom's Long Lasting Lavender Deodorant | 64g,$8.00,$12.50 per 100g | Was $10.00 on Feb 2022
L'Oreal Elvive Treatment Extraodinary Oil | 100mL,$13.20,$13.20 per 100mL | Was $22.00
Thursday Plantation Tea Tree 100% Pure Oil | 50mL,$13.50,$27.00 per 100mL | Was $18.00
Lynx Hair Styling Wax Black Casual Clay | 75mL,$10.00,$13.33 per 100mL
Palmer's Coconut Oil Body Lotion | 400mL,$12.00,$3.00 per 100mL
Palmer's Cocoa Butter Body Lotion | 400mL,$12.00,$3.00 per 100mL
Berocca Energy Vitamin Orange 30 Effervescent Tablets | 1 Pack,$13.84,$46.13 per 100ea | Was $17.30
Sambucol Lozenges | 20 pack,$11.00,$0.55 per 1ea
Fudge Urban Matte Hair Wax | 70g,$12.00,$17.14 per 100g
Palmer's Moisturising Body Oil | 250mL,$12.50,$5.00 per 100mL
Cancer Council SPF 50+ Moisturising Tube Sunscreen | 110mL,$14.00,$12.73 per 100mL
Betadine Antiseptic Ointment Cream | 25g,$11.90,$47.60 per 100g
Sun Genius Hydrating Sunscreen Lotion Pump SPF 50+ | 400mL,$25.00,$6.25 per 100mL
Nivea Daily Essentials Toner Refreshing | 200mL,$12.00,$6.00 per 100mL
Ultra Life High Strength Vitamin C 1000Mg Tablets | 200 pack,$15.00,$0.08 per 1ea | Was $30.00
Ultra Life Glucosamine | 90 pack,$15.00,$0.17 per 1ea | Was $30.00
Haircarebear Hair Gummies | 60 pack,$15.00,$0.25 per 1ea | Was $30.00
Tena For Men Pouches Level 1 | 12 pack,$8.80,$0.73 per 1ea | Was $9.50 on Nov 2022
Maybelline Master Crayon Black Eyeliner | 3.5g,$14.00,$400.00 per 10g
Bosistos Anti Bacterial Solution | 500mL,$14.00,$2.80 per 100mL
Dettol Classic Antibacterial Disinfectant Liquid Solution | 500mL,$10.50,$2.10 per 100mL
Simple Vitamin Facial Cleanser | 150mL,$14.50,$9.67 per 100mL
L'Oreal Men Expert Face Wash Magnesium Defence | 100mL,$10.00,$10.00 per 100mL
Aveeno Active Naturals Stress Relief Lavender Scented Moisturising Lotion | 354mL,$15.00,$4.24 per 100mL
Sukin Natural Balance Conditioner | 500mL,$19.00,$3.80 per 100mL
Mitchum Clinical Antiperspirant Deodorant 8 Hour Sport For Men | 45g,$10.00,$22.22 per 100g
Durex Regular Condoms Original | 30 pack,$15.00,$0.50 per 1ea | Was $17.00 on Oct 2018
Brut Refresh Aftershave Lotion | 100mL,$12.50,$12.50 per 100mL
Strepsils Lozenges Honey & Lemon | 48 pack,$13.50,$0.28 per 1ea
Neutrogena Oil Free Fragrance Free Moisture SPF 15 | 115mL,$16.00,$13.91 per 100mL
Neutrogena Deep Clean Facial Cleanser | 200mL,$20.00,$10.00 per 100mL
Vaseline Dry Skin Rescue Advanced Strength Body Lotion | 550mL,$15.00,$2.73 per 100mL
Ogx Nourishing + Hydrating Coconut Milk Conditioner For Dry Hair | 750mL,$19.00,$2.53 per 100mL | Was $38.00
Redoxon Immunity Vitamin C D and Zinc Orange Flavoured Effervescent Tablets | 45 pack,$19.50,$0.43 per 1ea | Was $26.00
,$16.50,$0.34 per 1ea
Gillette Venus Comfortglide White Tea Women's Razor +2 Blade | 1 pack,$16.00,$16.00 per 1ea
Bondi Sands SPF 50+ Aerosol Mist Spray Fragrance Free | 160g,$16.00,$10.00 per 100g
Cancer Council Facial Moisturiser Matte Invisable SPF 50+ | 150mL,$19.00,$12.67 per 100mL
Toni & Guy Cleanse Shampoo for Damaged Hair | 250mL,$19.00,$7.60 per 100mL
L'Oreal Age Perfect Toner | 200mL,$15.00,$7.50 per 100mL
Gillette Fusion Razor Handle +2 Blade | 1 pack,$19.00,$19.00 per 1ea
Swisse Ultiboost Zinc+ Tablets | 60 pack,$16.00,$26.67 per 100ea
Banana Boat SPF 50+ Simply Protect Sunscreen Kids Lotion Spray | 175g,$21.00,$12.00 per 100g
Strepsils Plus Anaesthetic Sore Throat Numbing Pain Relief 36 Lozenges | 36 pack,$17.00,$17.00 per 1ea | Was $18.00 on Nov 2022
Renu Fresh Multi Purpose Solution Bausch + Lomb | 500mL,$16.00,$3.20 per 100mL
Eco Tools Bioblender Duo #3163 | 2 pack,$19.95,$9.98 per 1ea
Pantene Pro-V Always Smooth & Sleek Conditioner | 900mL,$19.00,$2.11 per 100mL
Neutrogena Oil-Free Eye Make-Up Remover | 200mL,$21.00,$10.50 per 100mL
Maybelline Instant Age Rewind Eraser Dark Circles Medium | 6mL,$21.00,$35.00 per 10mL
L'Oreal Paris Elvive Shampoo Total Repair 5 | 700mL,$11.00,$1.57 per 100mL
Bosisto's Eucalyptus Oil | 175mL,$17.00,$9.71 per 100mL
Nature's Own Vitamin B12 1000mcg Vitamin B Tablets For Energy | 60 pack,$16.50,$27.50 per 100ea
Banana Boat Sport Sunscreen Trigger Spray SPF50+ | 240mL,$19.00,$7.92 per 100mL
Bondi Sands Tanning Foam Dark | 200mL,$20.00,$10.00 per 100mL
Bondi Sands Self Tanning Foam Light/Medium | 200mL,$20.00,$10.00 per 100mL
Cenovis Sugarless Vitamin C 500mg Tablets For Immunity | 300 pack,$16.50,$0.06 per 1ea
Batiste Beautiful Brunette Dry Shampoo | 350mL,$20.00,$5.71 per 100mL
Nature's Way Restore Probiotic Choc Balls | 60 pack,$22.50,$0.38 per 1ea
L'Oreal Men Expert Vita Lift Anti-Ageing Moisturiser | 50mL,$23.00,$46.00 per 100mL
L'Oreal Preference Brasilia Permanent Hair Colour | 1 pack,$24.00,$24.00 per 1ea
Sensodyne Repair & Protect + Whitening Toothpaste Twin Pack | 2 pack,$21.00,$10.50 per 1ea | Was $22.00 on Jul 2022
Blackmores Multivitamin For Men Sustained Release Tablets | 60 pack,$26.00,$26.00 per 1ea
Veet Sensitive Hair Removal Cream | 400mL,$21.00,$5.25 per 100mL
Cetaphil Hydrating Eye Cream | 14g,$20.00,$14.29 per 10g
Hydralyte Effervescent Tablets Orange | 40 pack,$23.00,$0.58 per 1ea
Blackmores Total Calcium Magnesium + D3 Tablets | 125 pack,$25.00,$20.00 per 100ea
L'Oreal Paris Excellence 6.1 Light Ash Brown Hair Colour | 1 pack,$24.00,$24.00 per 1ea
Ostelin Calcium & Vitamin D Tablets w. D3 For Bone Health | 130 pack,$27.00,$0.21 per 1ea
Berocca Energy Vitamin Original Berry 45 Effervescent Tablets | 1 Pack,$22.80,$50.67 per 100ea
Gillette Fusion Power Razor Blades | 4 pack,$33.00,$8.25 per 1ea
Nature's Way Kids Smart Vita Gummies Vitamin C + Zinc | 120 pack,$30.00,$0.25 per 1ea
Natures Way Extra Strength Gummies Magnesium | 60 pack,$30.00,$50.00 per 100ea
Palmolive Shower Gel Body Butter Coconut Scrub | 750mL,$11.00,$1.47 per 100mL
Colgate 360 Sensitive Manual Toothbrush | 2 pack,$8.00,$4.00 per 1ea
Clearblue Visual Early Detection Pregnancy Test Kit | 3 pack,$19.00,$6.33 per 1ea
﻿Lifestyles Regular Condoms | 20 pack,$9.00,$0.45 per 1ea | Was $11.00 on Apr 2022
Pantene  Repair & Protect Conditioner | 375mL,$9.00,$2.40 per 100mL
Pantene  Smooth & Sleek Conditioner | 375mL,$9.00,$2.40 per 100mL
Aveeno Active Naturals Skin Relief Fragrance Free Moisturising Lotion | 1L,$33.50,$3.35 per 100mL
Pantene Miracle Mask Jar Biotin Nourish Treatment | 1 pack,$12.00,$12.00 per 1ea
Elastoplast Frozen Strips | 20 pack,$3.80,$0.19 per 1ea
Femfresh Wash Daily | 600mL,$13.50,$2.25 per 100mL
Veet For Men Depilatories Normal Cream | 200mL,$11.50,$5.75 per 100mL | Was $14.00 on May 2022
Dove Women Antiperspirant Roll On Deo Cucumber | 50mL,$4.50,$9.00 per 100mL
Colgate 360 Optic White Toothbrush Medium | 3 pack,$14.00,$4.67 per 1ea
Schwarzkopf Got2b Farewell Flyaway | 16mL,$21.00,$131.25 per 100mL
Dettol Sanitizer Spray With Aloe Vera Extracts | 90mL,$6.00,$6.67 per 100mL
Clairol Nice'N Easy 5 Medium Brown | 1 pack,$9.70,$9.70 per 1ea | Was $14.00 on Oct 2022
Nudy Rudy Sea Salt Suds Soap | 120g,$4.00,$3.33 per 100g
Natures Way High Strength Gummies Sugar Free Calcium + Vit D | 60 pack,$25.00,$0.42 per 1ea
Natures Way High Strength Gummies Sugar Free Iron | 65 pack,$25.00,$0.38 per 1ea
Gillette Venus Comfortglide Freesia Razor Blades Refill | 4 pack,$21.49,$5.37 per 1ea
Gillette Skinguard Disposable Razors | 8 pack,$13.50,$1.69 per 1ea
Bondi Sands Skincare Sweet Dream Night Moisturiser | 50mL,$19.00,$38.00 per 100mL
Nivea Sun Kids Protect & Play Ultra Beach SPF 50+ Sunscreen | 200mL,$17.00,$8.50 per 100mL
Listerine Zero Alcohol Antibacterial Mouthwash Less Intense Taste | 1L,$14.00,$1.40 per 100mL
Coles Nail Clippers With Nail File | 1 pack,$3.40,$3.40 per 1ea
Coles Sapphire Double Sided Nail File | 1 pack,$4.50,$4.50 per 1ea
Coles Multi Angle Soft Toothbrush | 2 pack,$2.00,$1.00 per 1ea
Coles Conforming Bandage | 1 each,$3.00,$3.00 per 1ea
Coles Children Strips | 20 pack,$1.60,$0.08 per 1ea
Coles Konjac Sponge | 1 each,$4.00,$4.00 per 1ea
Coles Grooming Brush | 1 pack,$5.60,$5.60 per 1ea
Pears Hand Wash Pump | 250mL,$2.25,$0.90 per 100mL | Was $4.50
Coles Face & Body Cloth | 1 each,$4.00,$4.00 per 1ea
Cottons Organic Maxi Pads | 10 pack,$2.75,$0.28 per 1ea | Was $5.50
Manicare Emery Boards | 8 pack,$2.82,$0.35 per 1ea | Was $4.70
Coles Natural Toothpaste Mild Mint With Aloe Vera | 130g,$3.00,$2.31 per 100g
Coles Kids Mouthwash | 300mL,$3.00,$1.00 per 100mL
Final Net Superhold Hair Lacquer | 50g,$3.15,$6.30 per 100g | Was $4.50
Coles Tampons Super | 32 pack,$3.75,$0.12 per 1ea
Coles Pro Teeth Defense Mouthwash | 500mL,$4.00,
Beckham Instinct Deodorant Body Spray | 150mL,$4.00,$2.67 per 100mL | Was $8.00
Cancer Council Sunscreen SPF50+ Ultra Traveller | 35mL,$4.00,$11.43 per 100mL | Was $5.00
Coles Mini Travel Make Up Brushes | 5 pack,$5.00,$1.00 per 1ea
Coles Assure Pads Extra Plus | 10 pack,$3.75,$0.38 per 1ea
Tena Pads Insta Dry Long | 8 pack,$4.41,$0.55 per 1ea | Was $6.70
Manicare Toe Nail Clipper With File | 1 pack,$4.44,$4.44 per 1ea | Was $7.40
Scunci Jaw Clip Extra Large | 1 pack,$4.50,$4.50 per 1ea | Was $7.00
Sunsilk Longer & Stronger Conditioner | 350mL,$4.55,$1.30 per 100mL | Was $6.50
Thursday Plantation Tea Tree Deodorant | 60mL,$4.56,$7.60 per 100mL | Was $5.70
Tresemme Rich Moisture Conditioner | 100mL,$4.00,$4.00 per 100mL
Coles Triple Blade Women Disposable Razors | 4 pack,$2.65,$0.66 per 1ea
Elastoplast Assorted Sensitive Strips | 40 pack,$5.00,$0.13 per 1ea | Was $5.50
Oral B Gum Care & Intensive Clean Toothpaste | 110g,$5.00,$4.55 per 100g | Was $10.00
Difflam Soothing Drops + Immune Support Honey & Lemon | 20 pack,$5.00,$0.25 per 1ea | Was $6.50
Difflam Soothing Drops + Immume Support Menthol Eucalyptus | 20 pack,$5.00,$0.25 per 1ea | Was $6.50
Colgate Plax Mouthwash Bamboo Charcoal Mint | 250mL,$4.50,$1.80 per 100mL
Voost Effervescent Performance Apple & Berry | 20 pack,$5.40,$0.27 per 1ea | Was $9.00
Jiinju Hyaluronic Acid Face Mask | 25mL,$5.00,$20.00 per 100mL
Brut Original Roll On Deodorant | 1 each,$4.50,$9.00 per 100mL
Oral-B Power Cross Action Brush Head Refill Medium | 2 pack,$5.72,$2.86 per 1ea | Was $11.45
TriShave 3IN1 Anti-Rash Shave Crème Men | 100g,$5.84,$5.84 per 100g | Was $7.30
Dove Antiperspirant Roll On Apple & White Tea | 50mL,$4.50,$9.00 per 100mL
Hask Argan Oil Deep Sachet Conditioner | 50g,$6.00,$12.00 per 100g
Herbal Essences Bio Renew Hydrate Coconut Milk Shampoo | 400mL,$6.00,$1.50 per 100mL | Was $12.00
Herbal Essences Bio Renew Smooth Golden Moringa Oil Shampoo | 400mL,$6.00,$1.50 per 100mL | Was $12.00
Herbal Essences Bio Renew Coconut Milk Conditioner | 400mL,$6.00,$1.50 per 100mL | Was $12.00
Herbal Essences Bio Renew White Grapefruit & Mosa Mint Conditioner | 400mL,$6.00,$1.50 per 100mL | Was $12.00
L'Oreal Paris Elnett Satin Supreme Hold Hairspray | 400mL,$6.00,$1.50 per 100mL | Was $12.00
Lady Jayne Flexi-Glide Brush | 1 pack,$6.00,$6.00 per 1ea | Was $10.70
Herbal Essences Bio Renew Strawberry Conditioner | 400mL,$6.00,$1.50 per 100mL
Beach Road Naturals Basil Lime & Mandarin Castile Body Wash | 500mL,$6.00,$1.20 per 100mL | Was $10.00
Beach Road Naturals Basil Lime & Mandarin Castile Hand Wash | 500mL,$6.00,$1.20 per 100mL | Was $10.00
So Bali Breeze Summer Escapes Body Mist | 200mL,$6.00,$3.00 per 100mL | Was $10.00
Palmolive Naturals Active Nourishment Conditioner | 700mL,$6.00,$0.86 per 100mL
L'Oreal Paris Elnett Satin Very Volume Supreme Hold Hairspray | 400mL,$6.00,$1.50 per 100mL | Was $12.00
Batiste Clean & Classic Original Dry Shampoo | 50mL,$6.00,$12.00 per 100mL
Four Seasons Naked Classic Condoms | 12 pack,$7.00,$0.58 per 1ea
Coles Womens 5 Cartridges Razor | 4 pack,$6.00,$1.50 per 1ea
Revlon Colorsilk Light Gold Brown 54 Hair Colour | 1 pack,$6.50,$6.50 per 1ea | Was $9.00
Revlon Colorsilk Dark Ash Blonde 60 Hair Colour | 1 pack,$6.50,$6.50 per 1ea | Was $9.00
Olay Base Cream Sensitive Skin | 100g,$6.50,$6.50 per 100g | Was $13.00
Olay Total Effects Cleanser Foaming | 100g,$6.50,$6.50 per 100g | Was $13.00
Rexona Men Clinical Protection Antiperspirant Deodorant Sport | 45mL,$6.50,$14.44 per 100mL
Thankyou Grapefruit Hand & Surface Sanitiser | 50mL,$5.00,$10.00 per 100mL
Schick  Quattro For Women Razor Kit | 1 each,$6.80,$6.80 per 1ea | Was $8.50
Vaseline Expert Care & Protect Sanitising Hand Cream | 85mL,$5.50,$6.47 per 100mL
Band-Aid Fabric Strips | 50 pack,$5.00,$0.10 per 1ea
Scunci Scrunchies 10 pieces | 1 pack,$7.00,$7.00 per 1ea | Was $10.00
Scunci Elastics Super Stretch | 20 pack,$7.00,$0.35 per 1ea | Was $10.00
Scunci Comfy Natural Ponytailers 12 pieces | 1 pack,$7.00,$7.00 per 1ea | Was $10.00
Band-Aid Assorted Plastic Shapes | 50 pack,$5.00,$0.10 per 1ea
L'oreal Paris Elvive Hyaluron Plump Mask | 300mL,$7.20,$2.40 per 100mL | Was $12.00
Palmolive Naturals Smooth & Shine Conditioner | 350mL,$6.00,$1.71 per 100mL
Durex Pleasure Me Condoms | 10 pack,$6.50,$0.65 per 1ea
Clearasil Rapid Action Pimple Treatment Cream  | 15mL,$7.40,$49.34 per 100mL | Was $14.80
Head & Shoulders Shampoo Cool Menthol | 400mL,$7.50,$1.88 per 100mL | Was $15.00
Systane Opti Free Pure Moist Contact Lens Solution | 90mL,$7.50,$8.33 per 100mL | Was $8.80
No Pong Deodorant All Natural Cream Bi-Carb Free | 35g,$7.50,$21.43 per 100g | Was $10.00
Impulse Body Spray Love Story | 75mL,$6.00,$8.00 per 100mL
L'oreal Elvive Treatment Dream Lengths No Hair Cut Leave In Cream | 200mL,$7.80,$3.90 per 100mL | Was $13.00
Burt's Bees Vanilla Lip Balm | 4.25g,$7.00,$166.67 per 100g
Bosisto's Eucalyptus Oil  | 50mL,$6.00,$12.00 per 100mL
Femfresh Feminine Deodorant | 75g,$7.92,$10.56 per 100g | Was $9.90
Clairol Natural Instincts 2 Midnight Black Hair Colour | 1 pack,$8.00,$8.00 per 1ea | Was $16.00
People Hydrate Conditioner | 350mL,$8.00,$2.29 per 100mL | Was $16.00
Rimmel Stay Matte Press Powder Silkybeige #005 | 14g,$8.00,$5.71 per 10g | Was $14.00
Rimmel Stay Matte Press Powder Transparnt #001 | 14g,$8.00,$5.71 per 10g | Was $14.00
Coles Electrolyte Tablets Blackcurrant | 20 pack,$8.00,$0.40 per 1ea
Skin Republic Hyaluronic Acid + Collagen Face Mask | 1 pack,$8.00,$8.00 per 1ea
Nyal Paracetemol Plus Tablets | 20 pack,$6.00,$0.30 per 1ea
No Doz Plus Tablets | 24 pack,$6.85,$0.29 per 1ea
Swisse Ultiboost Iron Tablets | 30 pack,$13.00,$43.33 per 100ea
Durex Real Feel Condoms | 6 pack,$7.00,$1.17 per 1ea
Lynx Ice Chill 3 In 1 Shower Gel Body Wash | 400mL,$6.50,$1.63 per 100mL
Rimmel Scandaleyes Eye Definer Intense Black | .35g,$8.40,$240.00 per 10g | Was $14.00
Dettol Profresh Shower Cream Milk & Honey | 950mL,$8.75,$0.92 per 100mL | Was $12.50
Schick Hydro 5 Razor With 2 Blades Kit | 1 pack,$8.75,$8.75 per 1ea | Was $17.50
Booby Tape Double Sided Tape | 36 pack,$9.00,$0.25 per 1ea | Was $18.00
Redwin Vitamin E Moisturiser Cream | 330g,$7.00,$2.12 per 100g
Steradent Extra Strength Denture Whitening Tablets | 30 pack,$6.40,$0.21 per 1ea
Selsun Green Anti Dandruff Shampoo with Menthol | 200mL,$8.00,$4.00 per 100mL
Herbal Essences Aloe & Bamboo Shampoo | 400mL,$10.00,$2.50 per 100mL | Was $20.00
Neutrogena Norwegian Formula Fragrance Free Hand Cream | 56g,$9.50,$16.96 per 100g
Vicks Vapodrops + Cough Honey Lemon Menthol Lozenges | 36 pack,$9.90,$0.28 per 1ea
Garnier Fructis Normal Conditioner  | 315mL,$7.50,$2.38 per 100mL
Cancer Council Face Day Wear Lip Balm SPF 50+ Vanilla | 15g,$8.00,$53.34 per 100g
Myaura Deodorant Spray Rose Vanilla Jasmine | 125mL,$11.00,$8.80 per 100mL
Elastoplast Adhesive Roll Plaster 2.5cm x 3m | 1 each,$7.80,$2.60 per 1M
Gillette Pro Icy Cool Menthol Shave Gel | 195g,$8.50,$4.36 per 100g
Pantene  Colour Protection Conditioner | 375mL,$9.00,$2.40 per 100mL
Schwarzkopf Extra Care Strong Styling Hair Spray | 250g,$8.50,$3.40 per 100g
Thursday Plantation Peppermint Oil | 25mL,$10.50,$42.00 per 100mL | Was $14.00
Lynx Collision Leather Cookies Aerosol Deodorant | 165mL,$8.00,$4.85 per 100mL
Centrum Multivitamin Tablets For Men | 60 each,$10.75,$17.92 per 100ea | Was $21.50
Tresemme Hairspray Salon Finish Freeze Hold | 360g,$8.20,$2.28 per 100g
Tresemme Hair Styling Spray Thermal Protections | 300mL,$8.00,$2.67 per 100mL
Four Seasons Naked Closer Fit Condoms | 24 pack,$10.90,$0.45 per 1ea
Wilkinson Sword Double Edge Razor Dispenser | 10 pack,$14.00,$1.40 per 1ea
Stingose Gel | 25g,$9.95,$39.80 per 100g
Dove Summer Glow Medium Dark Body Lotion | 250mL,$9.50,$3.80 per 100mL
Strepsils Plus Anaesthetic Sore Throat Numbing Pain Relief 16 Lozenges | 1 pack,$9.00,$9.00 per 1ea
Ural Sugar Free Cranberry 20 Effervescent Powder Sachets | 1 pack,$10.50,$10.50 per 1ea
Thank You Limited Edition Hand Wash Botanical Basil & Spice | 500mL,$7.50,$1.50 per 100mL
King Of Shaves Super Cooling Shave Gel | 150mL,$9.00,$6.00 per 100mL
Nivea Men Deep Face & Beard Wash + Black Carbon | 100mL,$9.50,$9.50 per 100mL
Dove Conditioner Restoring Ritual | 820mL,$11.90,$1.45 per 100mL | Was $17.00
Garnier Olia Hair Colour 5.0 Brown | 1 pack,$12.00,$12.00 per 1ea | Was $20.00
Schick Intuition Island Berry Refill | 6 pack,$12.50,$2.08 per 1ea | Was $25.00
Bonjela Mouth Ulcer & Teething Relief Gel | 15g,$10.00,$66.67 per 100g
Mitchum Clinical Gel 48 Hour Cool Fresh Antiperspirant Deodorant For Women | 57g,$10.00,$17.54 per 100g
Medi Creme Antiseptic Cream | 50g,$9.50,$19.00 per 100g
Tena Discreet Crème High Waist Underwear Large | 8 pack,$13.09,$1.64 per 1ea | Was $18.70
Schwarzkopf Extra Care Strong Hold Hair Spray | 400g,$11.00,$2.75 per 100g
Nature's Way Organic Turmeric 1000mg 60 Tablets  | 60 pack,$16.00,$0.27 per 1ea
Bondi Sands Body Wash Coconut | 500mL,$13.00,$2.60 per 100mL
Le Tan SPF 15 Coconut Lotion | 125mL,$10.00,$8.00 per 100mL
Sukin Lime & Coconut Cleansing Hand Wash | 500mL,$11.00,$2.20 per 100mL
Strepsils Sore Throat Sugar Free Antibacterial Lemon 36 Lozenges | 1 pack,$12.00,$12.00 per 1ea
Lifestyles Zero Uber Thin Condoms | 20 pack,$14.00,$0.70 per 1ea | Was $17.00
Sukin Facial Scrub For Men | 125mL,$16.00,$12.80 per 100mL
Nivea Sun SPF 50 Sunscreen Lotion Sensitive Protect | 100mL,$12.00,$12.00 per 100mL
Tresemme Violet Blonde Shine Shampoo | 675mL,$13.00,$1.93 per 100mL
Slick Stick Anti Flyaway Magic Hair Wand | 1 pack,$15.00,$15.00 per 1ea | Was $25.00
Lynx Deodorant Aerosol Africa | 250mL,$11.50,$4.60 per 100mL
Batiste Divine Dark Brown Dry Shampoo Plus | 200mL,$15.00,$7.50 per 100mL
Batiste Dry Shampoo & Volume With Plumping Collagen | 200mL,$15.00,$7.50 per 100mL
Veet Sensitive Wax Strips for Legs | 20 pack,$9.00,$0.45 per 1ea | Was $10.95 on Aug 2017
Caltrate Bone & Muscle Calcium With Vitamin D3 60 Health Tablets | 1 pack,$14.00,$14.00 per 1ea
Bosisto's Eucalyptus Solution | 500mL,$13.50,$2.70 per 100mL
Pantene 3mm Conditioner Smooth & Sleek | 400mL,$15.00,$3.75 per 100mL
Eylure Lengthening Starter Kit Lashes | 1 each,$14.50,$14.50 per 1ea
Neutrogena Fragrance Free Extra Gentle Cleanser | 200mL,$16.00,$8.00 per 100mL
Nivea Daily Moisturiser Night Cream Dry Sensitive | 50mL,$13.40,$26.80 per 100mL
Dove Antiperspirant Aerosol Clinical Pomegran | 180mL,$11.00,$6.11 per 100mL
Cancer Council Bb Cream Face Day Wear Medium | 50mL,$16.50,$33.00 per 100mL
Femfresh Wash Sensitive | 600mL,$13.50,$2.25 per 100mL
Dove Men Care Sport Fresh Body and Face Wash | 1L,$17.00,$1.70 per 100mL
Eco Tools Set Enhancing Eye Set | 1 pack,$18.90,$18.90 per 1ea
1000 Hour Black Eyelash & Brow Dye Kit | 1 each,$20.00,$20.00 per 1ea
Just For Men Moustache & Beard Brush-In Colour Gel Medium Brown | 100g,$14.00,$14.00 per 100g
Neutrogena Deep Clean Cream Cleanser | 200g,$20.00,$10.00 per 100g
Garnier Pure Active 3 In 1 Charcoal Wash | 150mL,$13.50,$9.00 per 100mL
Hydralyte Orange Flavoured Electrolyte Ice Block 62.5 mL | 16 pack,$15.15,$0.95 per 1ea
Nair Regular Facial Hair Bleach | 35g,$14.00,$40.00 per 100g
Nature's Way Kids Smart Vita Gummies Vitamin C | 60 pack,$16.50,$0.28 per 1ea
Veet Warm Wax Hair Removal Kit With Wax Strips | 375g,$14.00,$3.73 per 100g
Nature's Way Kids Smart Iron Chewables | 50 pack,$16.50,$0.33 per 1ea
Cancer Council Everyday Sunscreen SPF 50 | 250mL,$18.00,$7.20 per 100mL
Vicks VapoRub Ointment Decongestant Chest Rub | 100g,$13.90,$13.90 per 100g
Maybelline Hyper Sharp Wing Liner Black | 0.5g,$19.00,$380.00 per 10g
Oral-B Stages Disney Electric Toothbrush Heads | 2 pack,$15.00,$7.50 per 1ea
Toni & Guy Strengthplex Bond Repair Conditioner  | 250mL,$19.00,$7.60 per 100mL
Dove Men + Care Clinical Protection Clean Comfort | 45mL,$13.00,$28.89 per 100mL
Nivea Sun SPF 50 Sunscreen Lotion Sensitive Protect | 200mL,$17.00,$8.50 per 100mL
Duro-tuss Relief Chesty Cough Liquid | 200mL,$15.00,$7.50 per 100mL
Le Tan SPF 30+ Coconut Sunscreen Spray | 250mL,$17.00,$6.80 per 100mL
Reef SPF 30 Coconut Oil Spray | 220mL,$17.50,$7.95 per 100mL
Banana Boat Kids Sunscreen Tube SPF 50+ | 200mL,$19.00,$9.50 per 100mL
Blackmores Bio Iron Advanced Energy Tablets | 30 pack,$20.00,$66.67 per 100ea
Maybelline Lifter Lip Gloss Ice | 5.4mL,$21.00,$38.89 per 10mL
L'Oreal Paris Elvive Conditioner Extraordinary Oil | 700mL,$11.00,$1.57 per 100mL
L'Oreal Paris Elvive Shampoo Colour Protect | 700mL,$11.00,$1.57 per 100mL
Nivea Sun SPF 30 Sunscreen Spray Regular | 200mL,$19.00,$9.50 per 100mL
Olay Regenerist Micro-Sculpting Night Face Cream Moisturiser | 50g,$24.50,$49.00 per 100g | Was $49.00
Bondi Sands Self Tan Eraser | 200mL,$20.00,$10.00 per 100mL
Sambucol Cold & Flu Liquid | 120mL,$18.00,$15.00 per 100mL
Maybelline Lash Sensational Blackest Black Mascara | 9mL,$25.00,$26.32 per 10mL
Sukin Natural Balance Conditioner | 1L,$23.00,$2.30 per 100mL | Was $32.00 on Nov 2022
Nature's Way Women's Multi-Vitamin Vita Gummies | 100 pack,$23.00,$0.23 per 1ea
Nature's Way Adult Vita Gummies Multi-Vitamin | 120 pack,$23.00,$0.19 per 1ea
Nature's Way Vita Gummies Vitamin D3 1000iu | 120 pack,$23.00,$0.19 per 1ea
Garnier Micellar Cleansing Water | 700mL,$22.00,$3.14 per 100mL
Nivea Q10 Plus Day Cream Anti Wrinkle | 50mL,$26.00,$52.00 per 100mL
Blackmores Multivitamin For Women Sustained Release Tablets | 60 pack,$26.00,$26.00 per 1ea
Movicol Lemon Lime Sachets | 30 pack,$15.00,$0.50 per 1ea
Bondi Sands Aero One Hour Express | 225mL,$25.00,$11.11 per 100mL
Oral B 3D White Luxe Advance Seal 14 Whitening Treatments | 1 pack,$32.00,$32.00 per 1ea | Was $40.00
Nature's Way Ashwagandha Tablets | 50 pack,$25.00,$50.00 per 100ea
Oral B Pro100 Crossaction Electric Toothbrush | 1 pack,$35.00,$35.00 per 1ea | Was $80.00
Cenovis Magnesium | 200 pack,$25.00,$0.13 per 1ea
Blackmores Odourless Fish Oil Omega-3 Mini Capsules | 200 pack,$23.00,$11.50 per 100ea
Gillette Fusion Razor +4 Blade | 1 pack,$32.50,$32.50 per 1ea
Cenovis Echinacea Garlic Zinc & Vitamin C Tablets | 125 pack,$27.80,$0.22 per 1ea
Gillette Skinguard Razor + 4 Blade Refill Kit | 1 pack,$36.00,$36.00 per 1ea
Gillette Mach3+ Razor Cartridge | 12 pack,$34.00,$2.83 per 1ea
Gillette Fusion 5 Manual Razor Blades | 8 pack,$47.50,$5.94 per 1ea
Swisse Ultivite Men's Multivitamin Tablets | 120 pack,$34.00,$28.33 per 100ea | Was $57.00 on May 2022
Pantene Pro-V Ultimate 10 Conditioner | 900mL,$19.00,$2.11 per 100mL
Organic Care Kids Styling Gel | 250g,$4.00,$1.60 per 100g
Thankyou Geranium & Rosewood Body Wash | 1L,$13.00,$1.30 per 100mL
Oral-B Power Vitality Refill Gum Care | 2 pack,$16.75,$8.38 per 1ea
Nature's Way Kids Smart Trio | 60 pack,$21.50,$0.36 per 1ea
VS Sassoon Mini Pro Dryer | 1 pack,$15.50,$15.50 per 1ea
Simple Face Wash Refreshing Mini | 50mL,$4.00,$8.00 per 100mL
Colgate Kids Sonic Battery Toothbrush | 1 each,$12.00,$12.00 per 1ea
Oral-B All Rounder Medium Fresh Clean Toothbrush | 7 pack,$10.00,$1.43 per 1ea
Dove Men Roll On Deo Clean Comfort Zero Alu | 50mL,$4.50,$9.00 per 100mL
Oral-B All Rounder Fresh Clean Soft Toothbrush | 7 pack,$10.00,$1.43 per 1ea
Oral B Floss Action Electric Brush Replacement Head | 3 pack,$25.50,$8.50 per 1ea
Tresemme Shampoo Colour Revitalise | 940mL,$14.00,$1.49 per 100mL
Tresemme Conditioner Colour Revitalise | 940mL,$14.00,$1.49 per 100mL
Dreambaby Rapid Response Clinical Thermometer | 1 pack,$12.00,$12.00 per 1ea
Pain Away Heat Patches Regular + 2 Bonus Hand Warmers | 5 pack,$10.00,$2.00 per 1ea
Palmolive Sanitiser Mist Spray | 110mL,$7.00,$6.36 per 100mL
Clairol Nice'N Easy 8A Medium Ash Blonde | 1 pack,$9.70,$9.70 per 1ea | Was $14.00 on Oct 2022
Myaura Teen Roll On Deodorant Watermelon | 50mL,$8.00,$16.00 per 100mL
Lynx Deodorant Body Spray Epic Fresh | 165mL,$8.00,$4.85 per 100mL
Lynx Deodorant Antiperspirant Spray Epic Fresh | 165mL,$8.00,$4.85 per 100mL
Bic Soleil Click 3 Disposable Razors | 6 pack,$9.00,$1.50 per 1ea
Pentavite Kids Gummies Daily Immune Defence | 60 pack,$16.00,$0.27 per 1ea
Swisse Probiotic & Prebiotic Gummies | 45 pack,$15.00,$0.33 per 1ea | Was $25.00 on Sep 2022
Natures Way Double Strength Activate Curcumin | 30 pack,$40.00,$1.33 per 1ea
L'Oreal Revitalift Filler Sheet Mask | 1 pack,$10.95,$10.95 per 1ea
Bondi Sands Skincare Daydream Moisturiser | 50mL,$17.00,$34.00 per 100mL
Cetaphil Gentle Cleanser | 1L,$30.00,$3.00 per 100mL
Maybelline Baby Lips Berry Crush Lip Balm SPF 10 | 15g,$6.00,$4.00 per 10g
Wet Stuff Personal Lubricant | 270g,$9.00,$3.33 per 100g
Coles Curved Nail Scissors | 1 pack,$7.20,$7.20 per 1ea
Coles Soft Headbands | 3 pack,$6.80,$2.27 per 1ea
Oral B Stages Frozen Olaf Toothpaste | 92g,$2.00,$2.17 per 100g | Was $4.00
Coles Scrunchies Velvet | 3 pack,$5.00,$1.67 per 1ea
Coles Vent Brush | 1 pack,$5.60,$5.60 per 1ea
Coles Blonde Bobby 100 Pins | 1 pack,$5.00,$5.00 per 1ea
Coles Multi-Tuft Brush | 1 pack,$6.80,$6.80 per 1ea
KOi Lemon Myrtle & Mango Butter Bar Soap | 100g,$3.00,$3.00 per 100g
Coles Oval Paddle Brush | 1 pack,$6.80,$6.80 per 1ea
Coles Pregnancy Midstream Test | 1 pack,$6.00,$6.00 per 1ea
Coles Square Paddle Brush | 1 pack,$6.80,$6.80 per 1ea
Micro Protect Surgical Mask Level 3  | 10 pack,$5.00,$0.50 per 1ea
U by Kotex Maternity Pads No Wings | 10 pack,$3.08,$0.31 per 1ea | Was $4.40
Coles Assure Liners Long | 20 pack,$3.25,$0.16 per 1ea
Coles Assure Pads Regular | 16 pack,$3.50,$0.22 per 1ea
Voost Effervescent Iron Plus Tablets | 10 pack,$4.40,$44.00 per 100ea | Was $5.50
Sunsilk Sunsilk Conditioner Clean & Fresh | 350mL,$4.55,$1.30 per 100mL | Was $6.50
Pikster Interdental Brushes Large Size 5 | 10 pack,$4.90,$0.49 per 1ea
Coles Reusable Gel Hot/Cold Pack | 1 each,$8.00,$8.00 per 1ea
Coles Antiseptic Liquid | 250mL,$4.50,$1.80 per 100mL
Voost Effervescent Zinc Plus Tablets | 20 pack,$5.40,$27.00 per 100ea | Was $9.00
Voost Effervescent Calcium | 20 pack,$5.40,$0.27 per 1ea | Was $9.00
Jiinju Bubble Sheet Mask | 23mL,$5.00,$21.74 per 100mL
Schick Xtreme 3 Hawaiian Tropic Disposable Razors | 8 pack,$5.50,$0.69 per 1ea | Was $11.00
Rexona Protection Eucalyptus | 180mL,$5.50,$3.06 per 100mL | Was $11.00
Nurofen Pain Relief Meltlets Berry Burst Ibuprofen 200mg | 12 pack,$5.50,$0.46 per 1ea | Was $6.00
Sukin Antibacterial Hand Sanitiser | 50mL,$5.00,$10.00 per 100mL
Scunci Effortless Beauty Zigzag Headband | 2 pack,$5.60,$2.80 per 1ea | Was $8.00
Thursday Plantation 100% Eucalyptus Oil | 50mL,$5.70,$11.40 per 100mL | Was $7.50
Coles Hayfever Allergy Relief Loratadine 10Mg Tablets | 10 pack,$9.50,$0.95 per 1ea
Chapstick Conditioner Lip Balm | 4.2g,$4.50,$107.14 per 100g
Lynx Men Antiperspirant Roll On Deodorant Africa | 50mL,$4.50,$9.00 per 100mL
Hask Argan Oil Vial Treatment | 18mL,$6.00,$33.34 per 100mL
Beach Road Naturals Paw Paw Extract Castile Hand Wash | 500mL,$6.00,$1.20 per 100mL | Was $10.00
Beach Road Natural Peppermint & Rosemary Castile Hand Wash | 500mL,$6.00,$1.20 per 100mL
Coles Rapid 5 System Razor | 1 each,$6.50,$6.50 per 1ea
Disprin Extra Strength Headache Remedy Tablets | 16 pack,$5.00,$0.31 per 1ea
Olay Base Lotion Normal | 150mL,$6.50,$4.33 per 100mL
Rexona Men Clinical Protection Antiperspirant Deodorant Clean Scent | 45mL,$6.50,$14.44 per 100mL
Olay Base Lotion Sensitive | 150mL,$6.50,$4.33 per 100mL | Was $13.00
L'Oreal  Elvive Colour Protect Purple Conditioner | 150mL,$6.60,$4.40 per 100mL | Was $11.00
L'Oreal Elvive Colour Protect Purple Shampoo | 200mL,$6.60,$3.30 per 100mL | Was $11.00
Avengers Stop-N-Go Soft Turbo Battery Brush | 1 pack,$6.60,$6.60 per 1ea | Was $11.00
Rimmel Professional Eyebrow Pencil Hazel | 1.4g,$6.60,$47.14 per 10g | Was $11.00
Tiger Extra Strength Red Balm | 18g,$6.60,$36.67 per 100g | Was $8.30
VO5 Mega Hold Styling Gel Spray | 200mL,$4.00,$2.00 per 100g | Was $4.60 on Jan 2021
VO5 Volume & Lift Styling Spray | 200g,$4.00,$2.00 per 100g | Was $4.60 on Jan 2021
Schwarzkopf Taft Power Cashmere Touch Mousse | 200g,$5.00,$2.50 per 100g | Was $5.50 on Jul 2022
KOi Orange & Ginger Body Wash | 500mL,$8.00,$1.60 per 100mL
Rock Face Body Spray Active | 150mL,$7.00,$4.67 per 100mL
Rock Face Body Spray Sport Cooling | 150mL,$7.00,$4.67 per 100mL
Palmolive Naturals Smooth & Shine Shampoo | 350mL,$6.00,$1.71 per 100mL
Impulse Women's Merely Musk Body Spray | 75mL,$6.00,$8.00 per 100mL
Sukin Sensitive Facial Moisturiser | 125mL,$7.50,$6.00 per 100mL | Was $15.00
Head & Shoulders Shampoo Apple Fresh | 400mL,$7.50,$1.88 per 100mL | Was $15.00
Head & Shoulders Itchy Scalp 2 In 1 Shampoo & Conditioner | 350mL,$7.50,$2.14 per 100mL
Head & Shoulders Citrus Fresh 2 In 1 | 350mL,$7.50,$2.14 per 100mL | Was $15.00
Olay Complete UV Lotion Moisturising | 75mL,$7.50,$10.00 per 100mL | Was $15.00
Sukin Natural Deodorant | 125mL,$8.00,$6.40 per 100mL
Deep Heat Original Heat Rub | 100g,$7.30,$7.30 per 100g
Head & Shoulders Ultra Men 2 In 1 Old Spice Shampoo | 400mL,$8.00,$2.00 per 100mL
Head & Shoulders Supreme Scalp Purify & Hair Volume Shampoo | 400mL,$8.00,$2.00 per 100mL | Was $16.00
Advil Children's Chewables 7-12 Years Ibuprofen Pain & Fever Relief | 20 pack,$8.00,$0.40 per 1ea | Was $10.00
People Hydrate Shampoo | 350mL,$8.00,$2.29 per 100mL | Was $16.00
People Volume Conditioner | 350mL,$8.00,$2.29 per 100mL | Was $16.00
,$8.50,$4.25 per 100mL
Schick  Hydro Silk Razor & Blade Kit | 1 pack,$8.25,$8.25 per 1ea | Was $16.50
Natralus Natural Paw Paw Balm | 25g,$8.00,$3.20 per 10g
Gillette Refreshing Breeze After Shave Splash | 50mL,$6.90,$13.80 per 100mL
Ardell Natural Demi Lash 120 Black | 1 pack,$8.50,$8.50 per 1ea | Was $11.00
Durex Play & Massage 2 In 1 Sensual Lubricant Gel Ylang Ylang | 200mL,$8.50,$4.25 per 100mL | Was $10.00
Head & Shoulders Shampoo Dry Scalp | 200mL,$8.00,$4.00 per 100mL
Head & Shoulders Shampoo Smooth And Silky | 200mL,$8.00,$4.00 per 100mL
Garnier Ampoule Mask Kale | 15g,$7.00,$46.67 per 100g
Pantene 3mm Conditioner Repair & Protect | 180mL,$8.00,$4.44 per 100mL
Pantene 3mm Conditioner Daily Moisture Renewal | 180mL,$8.00,$4.44 per 100mL
Pantene 3Mm Colour Protect Conditioner | 180mL,$8.00,$4.44 per 100mL
,$9.00,$2.25 per 100mL
Schwarzkopf Extra Care Liquid Silk Smoothing Shampoo | 400mL,$9.00,$2.25 per 100mL
Vicks Vapodrops Blackcurrant Menthol Lozenges | 16 pack,$8.00,$0.50 per 1ea
Pantene Intense Miracle Shots Biotin Nourish Treatment | 3 pack,$15.00,$5.00 per 1ea
LifeStyles  Silky Smooth Lubricant  | 100g,$7.00,$7.00 per 100g
Palmolive Japanese Cherry Blossom Hand Sanitiser | 200mL,$7.50,$3.75 per 100mL
Myaura Antiperspirant Roll On Coconut Vanilla | 75mL,$9.00,$12.00 per 100mL
Head & Shoulders Citrus Fresh Shampoo | 660mL,$9.50,$1.44 per 100mL | Was $19.00
Dermal Therapy Hand Balm | 50g,$7.50,$1.50 per 10g
Rimmel Brow This Way 2 In1 Eyebrow Medium Brown 0.4g | 1 each,$9.60,$9.60 per 1ea | Was $16.00
Always Discreet Long Plus Incontinence Pads | 8 pack,$8.50,$1.06 per 1ea
,$10.00,$1.82 per 100mL
Sup Collagen Gummies | 40 pack,$10.00,$0.25 per 1ea | Was $20.00
Herbal Essences Bio Renew Potent Aloe Honey Shampoo | 400mL,$10.00,$2.50 per 100mL | Was $20.00
Tena Pant For Women Large | 8 pack,$10.01,$1.25 per 1ea
Nivea Men Deep Clean Shower Gel & Body Wash | 500mL,$8.00,$1.60 per 100mL
Coles Cough Cold & Flu Day & Night Capsules | 24 pack,$10.00,$0.42 per 1ea
Redwin Vitamin E & Vitamin C | 400mL,$7.50,$1.88 per 100mL
Schwarzkopf Extra Care Volume Styling Hair Spray | 250g,$8.50,$3.40 per 100g
Lady Jayne Detangling Brush Large | 1 each,$10.50,$10.50 per 1ea | Was $18.00
Lynx Aerosol Australia Deodorant | 165mL,$8.00,$4.85 per 100mL
Lynx Aerosol Excite Deodorant | 165mL,$8.00,$4.85 per 100mL
Tena Large Pants for Men Level 4 | 8 pack,$10.64,$1.33 per 1ea
Coles Aloe Vera After Sun Lotion | 1L,$12.00,$1.20 per 100mL
Schwarzkopf Extra Care Normal Balance Leave In Conditioner | 250mL,$12.00,$4.80 per 100mL
Four Seasons Naked Large Condoms | 24 pack,$10.90,$0.45 per 1ea
Always Discreet 0% Pads Incontinence Normal | 12 each,$10.00,$0.83 per 1ea
Palmolive Travel Pack | 1 pack,$9.00,$9.00 per 1ea
Depend Real Fit Incontinence Underwear Men Medium | 8 pack,$11.12,$1.39 per 1ea
Dulcolax Laxatives 5mg Tablets For Constipation Relief | 80 pack,$11.50,$0.14 per 1ea | Was $12.50
Band-Aid Plastic Strips | 100 pack,$8.00,$0.08 per 1ea | Was $8.50 on Dec 2022
Gillette Fusion Proglide Styler | 1 pack,$35.00,$35.00 per 1ea
Dove Conditioner Daily Care | 820mL,$11.90,$1.45 per 100mL | Was $17.00
Marc Daneils Professional Go Curly Enhance Define Gel | 150mL,$9.00,$6.00 per 100mL
Garnier Olia Hair Colour 4.0 Dark Brown | 1 pack,$12.00,$12.00 per 1ea | Was $20.00
Garnier Olia Hair Colour 10.0 Very Light Blonde | 1 pack,$12.00,$12.00 per 1ea | Was $20.00
Bulldog Oil Control Face Wash | 150mL,$11.50,$7.67 per 100mL
Covergirl Brow And Eye Makers Eye Pencil Midnight Brown | 1.7g,$10.50,$61.76 per 10g
Nair Sensitive Coconut Cream | 357g,$12.40,$3.47 per 100g | Was $15.50
Nair Shower Power Max Hair Removel Cream | 312g,$12.40,$3.97 per 100g | Was $15.50
Simple Kind To Skin Rich Moisturiser | 125mL,$11.50,$9.20 per 100mL
Clairol Root Touch Up Colour Blending Gel Medium Brown | 45mL,$12.60,$2.80 per 10mL | Was $18.00
L'Oreal Revitalift Filler Eye Sheet Mask | 1 pack,$8.95,$8.95 per 1ea
Scholl Corn Removal Waterproof Plasters | 8 pack,$9.50,$1.19 per 1ea
Rimmel Wonder'Luxe Volume Mascara Black | 11mL,$13.20,$12.00 per 10mL | Was $22.00
L'Oreal Paris Elvive Hyaluron Plump Serum | 150mL,$13.20,$8.80 per 100mL | Was $22.00
Schwarzkopf Extra Care Volume Powder | 10g,$10.00,$100.00 per 100g
Voost Performance Effervescent Vitamin B+ Tablets | 40 pack,$12.00,$30.00 per 100ea | Was $13.75 on May 2022
Le Tan Express Self Tanning Foam | 110mL,$17.00,$15.45 per 100mL
Klorane Oat Milk Dry Shampoo | 150mL,$13.50,$9.00 per 100mL | Was $17.00
Klorane Dry Shampoo Volume Flax | 150mL,$13.50,$9.00 per 100mL | Was $17.00
Difflam Plus Blackcurrant Flavour Anaesthetic Lozenges | 16 pack,$10.00,$0.63 per 1ea
Cenovis Vitamin C 250mg Tablets For Immune Support | 150 pack,$11.50,$0.08 per 1ea
St Ives Blackhead Clear Green Tea Scrub | 150mL,$11.50,$7.67 per 100mL
Nivea Visage Double Effect Eye Makeup Remover | 125mL,$10.50,$8.40 per 100mL
Blackmores Vitamin D3 1000IU Immune Capsules | 60 pack,$11.00,$0.18 per 1ea
Lynx Hair Styling Wax Clean Cut Look | 75mL,$10.00,$13.33 per 100mL
Lynx Urban Messy Look Flexible Hair Paste | 75mL,$10.00,$13.33 per 100mL
Gaviscon Antacid Tablets Peppermint Heartburn & Indigestion Relief | 48 pack,$11.50,$0.24 per 1ea
Tigi Treatment Catwalk Style Curls Rock Amplifier | 113mL,$14.00,$12.39 per 100mL | Was $20.00
Napro Palette 3-0 Dark Brown Permanent Hair Colour | 1 pack,$9.00,$9.00 per 1ea
Natures Commonscents Goats Milk Body Wash | 600mL,$7.50,$1.25 per 100mL
Cutex Ultra Powerful Nail Polish Remover | 100mL,$10.00,$1.00 per 10mL
Alpecin Caffeine C1 Shampoo | 250mL,$12.50,$5.00 per 100mL | Was $13.00
Herbal Essences Potent Aloe Eucalyptus Shampoo | 600mL,$14.50,$2.42 per 100mL | Was $29.00
Gillette Venus Comfortglide Freesia Razor Kit | 1 pack,$12.50,$12.50 per 1ea
Neutrogena Oil-Free Eye Make-Up Remover | 112mL,$15.00,$13.39 per 100mL
Gaviscon Dual Action | 300mL,$11.00,$3.67 per 100mL
Thursday Plantation Aloe Vera Gel | 100g,$10.00,$10.00 per 100g
Tresemme Colour Shineplex Conditioner | 675mL,$13.00,$1.93 per 100mL
Bosisto's Natural Lavender Oil Spray | 125g,$13.00,$10.40 per 100g
Sunsilk Addictive Brilliant Shine Shampoo | 700mL,$12.00,$1.71 per 100mL
Sunsilk Addictive Brilliant Shine Conditioner | 700mL,$12.00,$1.71 per 100mL
Ultra Life Odourless Fish Oil Capsules | 200 pack,$15.00,$0.08 per 1ea | Was $30.00
Woodsman Skincare For Men Moisturiser With SPF | 120mL,$15.00,$12.50 per 100mL
Murine Relief Eye Drops | 15mL,$9.20,$61.34 per 100mL
Lynx Antiperspirant Deodorant Africa | 250mL,$11.50,$4.60 per 100mL
Banana Boat Sport Roll On | 75mL,$12.00,$16.00 per 100mL
DermaVeen Sensitive Relief Eczema Cream | 100mL,$11.00,$11.00 per 100mL
Eco Tools Skin Perfecting Brush | 1 pack,$16.00,$16.00 per 1ea
Barber & Co. Clay | 95g,$15.00,$15.79 per 100g
Cancer Council SPF 50+ Face Day Wear Moisturiser Matte Light Tint | 75mL,$14.50,$19.33 per 100mL
Garnier Fructis Banana Shampoo | 350mL,$12.00,$3.43 per 100mL
Nature's Own Vitamin B3 500mg Vitamin B Tablets For Energy | 60 pack,$12.90,$21.50 per 100ea
Olay Total Effects Cream Gentle | 50g,$16.50,$33.00 per 100g | Was $33.00
Redwin Extra Sensitive Body Wash | 1L,$13.00,$1.30 per 100mL
Clearblue Visual Plus Pregnancy Test Kit | 3 pack,$18.00,$6.00 per 1ea
Sukin Volumising Shampoo | 500mL,$19.00,$3.80 per 100mL
Olay Regenerist Cream Revitalising Hyd UV | 50g,$16.75,$33.50 per 100g | Was $33.50
Maybelline Color Sensational Shaping Lip Liner Nude Whisper | 0.5g,$15.00,$300.00 per 10g
Glow Lab Hand Wash Refill Antibacterial Coconut & Cedar | 900mL,$18.00,$2.00 per 100mL
Durex Fetherlite Ultra Thin Feel Condoms | 30 pack,$15.00,$0.50 per 1ea | Was $17.00 on Oct 2018
Nivea Daily Essentials Moisturising Cream Dry Sensitiv | 50mL,$14.00,$28.00 per 100mL
"Cenovis ""Vitamin B Complex Tablets With B3 | 150 pack",$14.50,$9.67 per 100ea
Robitussin Cold & Chesty Cough Syrup | 200mL,$11.40,$5.70 per 100mL
Pantene Micellar Water Aloe Vera Shampoo | 530mL,$18.00,$3.40 per 100mL
Sukin Art Series Arkie Body Wash Pump | 1L,$13.00,$1.30 per 100mL
Maybelline Fit Me Concealer 20 Sand | 6.8mL,$18.00,$26.47 per 10mL
Systane Complete Lubricant Eye Drops | 10mL,$18.80,$188.00 per 100mL
Ostelin Calcium & Vitamin D Chewable D3 Tablets For Bones | 60 each,$15.00,$0.25 per 1ea
Neutrogena Deep Clean Invigorating Foaming Scrub | 125mL,$16.00,$12.80 per 100mL
Just For Men Moustache-Beard Black | 1 each,$14.00,$14.00 per 1ea
Neutrogena Sensitive Skin Gentle Facial Moisturiser | 118mL,$16.00,$13.56 per 100mL
Cancer Council Bb Cream Face Day Wear Light | 50mL,$16.50,$33.00 per 100mL
Panadol Paracetamol Cold + Flu Plus Decongestant Caplets | 20 pack,$13.00,$0.65 per 1ea
Clairol Nice 'N Easy Root Touch-Up 5 Medium Brown Hair Colour | 1 pack,$13.00,$13.00 per 1ea
Neutrogena Black Head Eliminating Acne Scrub | 150mL,$17.50,$11.67 per 100mL
Thank You Goat's Milk & Lemon Myrtle Hand Wash Refill | 1L,$12.50,$1.25 per 100mL
Claratyne Children'S Grape Chewable 5Mg Tablets | 10 Pack,$12.00,$1.20 per 1ea
Thankyou Mint & Spring Flowers Body Wash | 1L,$13.00,$1.30 per 100mL
Always Discreet Pads Normal Value | 20 pack,$16.15,$0.81 per 1ea
Bear And Bristle Trimmer Travel | 1 each,$25.00,$25.00 per 1ea
Codral Cold & Flu Tablets | 20 pack,$16.00,$0.80 per 1ea
Maybelline Shine Free Oil Control Light Loose Powder | 19.8g,$18.00,$9.09 per 10g
LifeStyles  Luxe Silicone Lubricant  | 100mL,$11.00,$11.00 per 100mL
Toni & Guy Purple Conditioner | 250mL,$19.00,$7.60 per 100mL
Toni & Guy Instant Refresh Dry Shampoo | 250mL,$19.00,$7.60 per 100mL
Toni & Guy Strength Plex Bond Repair Shampoo | 250mL,$19.00,$7.60 per 100mL
Monday Shampoo Moisture | 800mL,$20.00,$2.50 per 100mL
Garnier Avocado Body Superfood | 380mL,$15.00,$3.95 per 100mL
L'Oreal Age Perfect Cleansing Milk | 200mL,$15.00,$7.50 per 100mL
Cenovis Garlic Horseradish + Vitamin C Complex Capsules | 120 pack,$17.50,$0.15 per 1ea
Bondi Sands Gradual Tanning Milk | 375mL,$18.00,$4.80 per 100mL
Banana Boat SPF 50+ Sunscreen Sensitive | 200g,$19.00,$9.50 per 100g
Gillette Blue III Disposable Razors | 20 pack,$24.00,$1.20 per 1ea
John Frieda Frizz Ease Dream Curls Conditioner | 250mL,$18.00,$7.20 per 100mL
L'Oreal Paris Elvive Conditioner Total Repair 5 | 700mL,$11.00,$1.57 per 100mL
Gillette Venus Pubic Hair & Skin Razor | 1 Pack,$21.00,$21.00 per 1ea
L'Oreal Casting Creme Gloss Dark Brown Hair Colour | 1 each,$20.00,$20.00 per 1ea
Garnier BB Cream Classic Medium | 50mL,$16.95,$33.90 per 100mL
Bondi Sands Hydra UV Protect SPF 50+ Face Fluid | 40mL,$20.00,$50.00 per 100mL
Betadine Antiseptic Topical Solution Liquid | 100mL,$22.20,$22.20 per 100mL
Cenovis Multivitamin + Minerals Tablets Multi For Energy | 200 pack,$15.50,$7.75 per 100ea
Blackmores Fish Oil 1000mg Omega-3 Capsules | 200 pack,$20.00,$10.00 per 100ea
Blackmores Nails Hair & Skin Vitamin Tablets | 60 pack,$18.00,$30.00 per 100ea
Ease A Cold Cough Cold & Flu Day & Night Capsules | 24 pack,$18.30,$0.76 per 1ea
Gillette Sensor 3 Razors | 16 pack,$23.00,$1.44 per 1ea
Sukin Natural Balance Shampoo | 1L,$23.00,$2.30 per 100mL | Was $32.00 on Nov 2022
Swisse Ultiboost Tablets Magnesium | 60 pack,$22.00,$0.37 per 1ea
"Cenovis ""Mega Vitamin B Tablets With Biotin |  B6 + B12""",$17.00,$8.50 per 100ea
L'Oreal Men Expert Erase Wrinkles Moisturiser | 50mL,$23.00,$46.00 per 100mL
,$20.00,$25.00 per 100g
L'Oreal Preference 4.26 Pure Burgundy Hair Colour | 1 pack,$24.00,$24.00 per 1ea
L'Oreal Preference 4.15 Caracas Hair Colour | 1 pack,$24.00,$24.00 per 1ea
Bondi Sands SPF 50 Sport | 400mL,$23.00,$5.75 per 100mL
L'Oreal Wrinkle Expert Anti-Wrinkle Cream 55+ | 50mL,$18.00,$36.00 per 100mL | Was $24.00 on Jul 2022
L'Oreal Paris Wrinkle Expert 45+ Night Cream | 50mL,$18.00,$36.00 per 100mL | Was $24.00 on Jul 2022
Olay Regenerist Collagen Peptide 24 Moisturiser | 50g,$30.00,$60.00 per 100g
Schick Hydro 5 Razor Blades | 8 pack,$30.40,$3.80 per 1ea | Was $38.00
First Response Pregnancy Test Instream | 7 pack,$30.00,$4.29 per 1ea
Banana Boat SPF 50+ Kids Sunscreen Pump | 400g,$26.00,$6.50 per 100g
L'Oreal Paris Excellence 7.1 Dark Ash Blonde Hair Colour | 1 pack,$24.00,$24.00 per 1ea
Swisse Ultiboost Hair Skin & Nails Tablets | 60 pack,$24.00,$40.00 per 100ea
Voltaren Emulgel Muscle and Back Pain Relief | 100g,$23.00,$23.00 per 100g
Gillette Mach 3 Starter Kit H+6 | 1 pack,$30.00,$30.00 per 1ea
Nature's Way Kids Vita Gummie Omega | 120 pack,$30.00,$25.00 per 100ea
Blackmores Super Magnesium+ Muscle Vitamin Tablets | 100 pack,$32.00,$32.00 per 100ea
Nature's Way Kids Smart Vita Gummies Immune Support | 120 pack,$30.00,$0.25 per 1ea
VS Sassoon Mini Pro Straightening Brush | 1 pack,$30.00,$30.00 per 1ea
Goli Nutrition Apple Cidar Vinegar Gummies | 60 pack,$25.00,$0.42 per 1ea | Was $30.00 on Nov 2022
Oral B Electric Toothbrush Precision Clean Head | 3 pack,$21.00,$7.00 per 1ea
Gillette Venus Comforglide White Tea Women's Razor Blade Value Pack | 8 pack,$38.00,$4.75 per 1ea
Nature's Way Beauty Collagen Shots | 10 pack,$35.00,$3.50 per 1ea
Life Space Probiotics Triple Strength | 20 pack,$40.00,$2.00 per 1ea
Blackmores Odourless Fish Oil Omega-3 Capsules | 400 pack,$44.00,$11.00 per 100ea
Swisse Ultiboost Liver Detox Tablets | 120 pack,$24.00,$0.20 per 1ea | Was $42.00 on May 2022
L'Oreal Age Perfect Cell Renewal Night Cream | 50mL,$50.00,$100.00 per 100mL
Ostelin Vitamin D | 275 pack,$35.00,$0.13 per 1ea
L'Oreal Revitalift Filler Eye Serum | 20mL,$50.00,$250.00 per 100mL
﻿Oral B Precision Clean Refills | 10 pack,$60.00,$6.00 per 1ea
Oral B Cross Action & Floss Action Refills | 10 pack,$70.00,$7.00 per 1ea
Pantene Pro-V Classic Clean Conditioner | 900mL,$19.00,$2.11 per 100mL
Pantene Nature Fusion Conditioner | 900mL,$19.00,$2.11 per 100mL
Colgate 360 Advanced Medium Manual Toothbrush | 1 pack,$6.00,$6.00 per 1ea
Garnier Fructis Macadamia Hair Food | 390mL,$14.00,$3.59 per 100mL
Garnier Hydrabomb Eye Mask Coconut | 6g,$5.00,$83.35 per 100g
Garnier Fructis Colour Last Shampoo  | 315mL,$7.50,$2.38 per 100mL
Garnier Fructis Normal Shampoo  | 850mL,$16.00,$1.88 per 100mL
Thankyou Botanical Cedarwood Body Wash | 1L,$13.00,$13.00 per 1L
1000 Hour Medium Brown Instant Brows | 1 pack,$12.00,$12.00 per 1ea
Conair Transparent Toiletry Travel Bag | 1 pack,$10.00,$10.00 per 1ea
Skyn Massage Gel Sensual Touch | 200g,$13.00,$6.50 per 100g
Ease A Cold And Flu Relief Day Capsules | 18 pack,$11.50,$0.64 per 1ea
Veet Pure Hair Removal Cold Face Wax Strips | 20 pack,$11.50,$0.58 per 1ea
Gillette Aqua 5 Razor 2 Up | 1 pack,$16.50,$16.50 per 1ea
Nature's Own Glucosamine Sulfate & Chondroitin Joints Tablets | 200 pack,$30.90,$15.45 per 100ea
Oral B Floss Action Electric Brush Replacement Head | 5 pack,$42.00,$8.40 per 1ea
Garnier Vitamin C Micellar Water | 400mL,$16.00,$4.00 per 100mL
Maybelline Brow Natural Deep Brown Duo | 9g,$21.00,$23.33 per 10g
Tresemme Conditioner Volume & Fullness | 940mL,$14.00,$1.49 per 100mL
Difflam Plus Lozengers Anaesthetic Honey & Lemon | 32 pack,$17.00,$0.53 per 1ea
Double D Manuka Honey Eucalyptus Lozengers | 16 pack,$6.50,$0.41 per 1ea
Radox Feel Heavenly with Coconut Extract Body Wash | 1L,$12.00,$1.20 per 100mL
Clairol Nice'N Easy 6A Lightest Golden Brown | 1 pack,$9.70,$9.70 per 1ea | Was $14.00 on Oct 2022
Nudy Rudy Hunny Bunny Hand Wash | 500mL,$10.00,$2.00 per 100mL
Nudy Rudy Berrylicious Hand Wash | 500mL,$10.00,$2.00 per 100mL
Nivea Men Deodorant Roll On Intense Protection Strength | 50mL,$4.00,$8.00 per 100mL
Natures Way High Strength Gummies Sugar Free Vitamin C | 65 pack,$25.00,$0.38 per 1ea
Neutrogena Hydro Boost Hyaluronic Acid Nourishing Cream | 50g,$33.00,$66.00 per 100g
Bondi Sands Skincare Eye Spy Vitamin C Eye Cream | 15mL,$18.00,$120.01 per 100mL
Herbal Essences Colour Me Happy Shampoo | 300mL,$7.00,$2.33 per 100mL
Strepsils Orange Throat Lozenges | 36 pack,$12.00,$0.33 per 1ea
Redwin Tea Tree Shampoo | 250mL,$6.30,$2.52 per 100mL
Coles Hair Scrunchie Large | 1 each,$4.00,$4.00 per 1ea
Coles Tortoiseshell & Thin Bandeau Black | 2 pack,$6.80,$3.40 per 1ea
Coles Multi Angle Medium Toothbrush | 2 pack,$2.00,$1.00 per 1ea
Coles Sanitary Bag | 30 pack,$2.00,$0.07 per 1ea
Coles Volumising Combs | 2 pack,$3.80,$1.90 per 1ea
Coles Kids Strawberry Toothpaste | 98g,$2.50,
Coles Intimate Cleansing Wipes | 20 pack,$4.80,$0.24 per 1ea
Coles Assorted Shapes Medistrips | 50 pack,$3.00,$0.06 per 1ea
Coles Soft Multi Ponytailers | 28 pack,$4.50,$0.16 per 1ea
Palmolive Naturals Shampoo & Conditioner Healthy & Smooth | 90mL,$2.20,$2.44 per 100mL
Urban Colour Eyeliner Pencil Black | 1g,$4.50,$45.00 per 10g
U by Kotex Tampons Regular | 16 pack,$3.18,$0.20 per 1ea | Was $4.55
KOi Hand Sanitiser | 50mL,$5.00,$10.00 per 100mL
Urban Colour Eyeliner Liquid Black | 1.2mL,$5.00,$41.67 per 10mL
Solvol Liquid Scrub | 250mL,$3.74,$1.50 per 100mL | Was $5.35
Manicare Fashion Nail Shaper | 2 pack,$3.78,$1.89 per 1ea | Was $6.30
Caredent Periotape Eco Floss 50m | 1 pack,$3.90,$3.90 per 1ea
Listerine Coconut & Lime Mouthwash | 500mL,$4.00,$0.80 per 100mL | Was $8.00
KOi Eranium & Petitgrain Bath Fizz | 175g,$5.00,$2.86 per 100g
Redwin Sorbolene Moisturiser With Vitamin E | 100g,$3.50,$3.50 per 100g
Coles Multi Angle Soft Toothbrushes | 6 pack,$4.50,$0.75 per 1ea
Olay Regenerist Micro Exfoliating Wet Cleansing Cloths Wipes | 30 pack,$4.50,$0.15 per 1ea | Was $9.00
Manicare Nail Shaper 175mm | 2 pack,$4.68,$2.34 per 1ea | Was $7.80
Lady Jayne Style Guards Kink-Free Spirals Clear Elastic | 8 pack,$4.80,$0.60 per 1ea | Was $8.50
Coles Strong Hold Hair Spray | 250g,$5.00,$2.00 per 100g
Dencorub Extra Strength Heat Rub Gel | 100g,$4.80,$4.80 per 100g | Was $6.00
KOi Jasmine & Sandalwood Hand Cream | 100mL,$8.00,$8.00 per 100mL
KOi Bergamot & Magnolia Hand Wash | 500mL,$7.00,$1.40 per 100mL
Chapstick Strawberry Lip Balm SPF 15 | 4.2g,$4.50,$107.14 per 100g
TriShave 3IN1 Shave Creme Women | 100g,$5.84,$5.84 per 100g | Was $7.30
,$4.50,$9.00 per 100mL
Beach Road Coconut & Lime Hand Cream | 100mL,$6.00,$6.00 per 100mL | Was $12.00
Curash Medicated Anti Rash Powder With Cornstarch | 100g,$6.00,$6.00 per 100g | Was $7.50
KOi For Men Face Moisturiser | 100mL,$12.50,$12.50 per 100mL
KOi Coffee Body Scrub | 200mL,$8.00,$4.00 per 100mL
KOi For Men Face Wash & Scrub | 250mL,$12.50,$5.00 per 100mL
Marzena Sensitive Hair Remover Lotion | 170g,$6.37,$3.75 per 100g
Coles Rapid 5 Razor Cartridges | 4 each,$6.00,$1.50 per 1ea
Rimmel Professional Eyebrow Pencil Black | 1.4g,$6.60,$47.14 per 10g | Was $11.00
VO5 Firm Hold Hairspray Pump | 200mL,$4.00,$2.00 per 100mL | Was $4.60 on Jan 2021
Glow Lab Coconut & Cedar Antibacterial Hand Wash | 300mL,$8.00,$2.67 per 100mL
KOi Mandarin Lemon & Grapefruit Bath Salts | 500g,$10.00,$2.00 per 100g
Schwarzkopf Extra Care Super Styling Hold Hair Lacquer | 100g,$6.50,$6.50 per 100g
Deep Heat Neck And Joint Patches | 2 pack,$7.20,$3.60 per 1ea | Was $9.00
Schwarzkopf Extra Care Ultimate Styling Hair Mousse | 150g,$6.50,$4.33 per 100mL
Clearasil 5 In 1 Pimple Fighter Exfoliating Scrub | 150mL,$7.25,$4.83 per 100mL | Was $14.50
Provoke Touch Of Silver Colour Care Shampoo | 400mL,$7.50,$18.75 per 1L | Was $10.00
Olay Regenerist Detoxifying Pore Scrub Cleanser | 150mL,$7.50,$5.00 per 100mL | Was $15.00
Head & Shoulders Shampoo Itchy Scalp | 400mL,$7.50,$1.88 per 100mL | Was $15.00
Head & Shoulders Conditioner Clean Balanced | 400mL,$7.50,$1.88 per 100mL | Was $15.00
Head & Shoulders Conditioner Smooth & Silky | 400mL,$7.50,$1.88 per 100mL | Was $15.00
Head & Shoulders Apple Fresh Conditioner | 400mL,$7.50,$1.88 per 100mL | Was $15.00
Olay Complete Lotion UV Sensitive | 150mL,$7.50,$5.00 per 100mL | Was $15.00
Coles  Kids Replacement Brush Heads | 2 pack,$9.00,
L'Oreal Elvive Purple Mask | 250mL,$7.80,$3.12 per 100mL | Was $13.00
Health Basics Freaky Friends Body Wash | 1L,$8.00,$8.00 per 1L | Was $10.00
Sukin Blemish Control Spot Banishing Gel | 15mL,$8.00,$53.34 per 100mL | Was $16.00
Sukin Blemish Control Pore Perfecting Toner | 125mL,$8.00,$6.40 per 100mL | Was $16.00
Clairol Natural Instincts 9 Sahara Light Blonde Hair Colour | 1 pack,$8.00,$8.00 per 1ea | Was $16.00
Colgate Max White Medium Manual Toothbrush | 3 pack,$8.00,$2.67 per 1ea | Was $10.00
Gaia Natural Baby Mini Travel Pack | 3 pack,$8.00,$2.67 per 1ea | Was $10.00
Sukin Teen Skin Mighty Moisturiser | 125mL,$8.00,$6.40 per 100mL | Was $16.00
Manicare face Precision Tweezer Pink | 1 each,$8.10,$8.10 per 1ea | Was $13.50
Nivea Deo Roll On Black And White Max Protection | 50mL,$6.00,$12.00 per 100mL
Schick Hydro 3 Blades Kit | 6 pack,$8.25,$1.38 per 1ea | Was $16.50
Sun Genius Hydrating Facial Sunscreen Lotion Tube SPF 50+ | 75mL,$14.00,$18.67 per 100mL
Rimmel Scandaleyes Eye Definer #002 Chocolate Brown 0.28g | 1 each,$8.40,$8.40 per 1ea | Was $14.00
White Glo Tartar Control Whitening Toothpaste | 115g,$6.00,$5.22 per 100g
Ardell Natural Demi Wispies Black | 1 pack,$8.50,$8.50 per 1ea | Was $11.00
Anihana Bath Bomb Melt Raspberry Marshmallow | 180g,$8.00,$4.44 per 100g
Voost Isotonic Lemon Lime Tablets | 10 Pack,$8.52,$85.20 per 100ea | Was $10.65
Garnier Pure Charcoal Mask Black Algae  | 28g,$7.00,$25.00 per 100g
Schick Sense Hydro 5 Sensitive Kit | 1 pack,$8.75,$8.75 per 1ea | Was $17.50
Simple Instant Glow Biodegradble Facial Wipes | 20 pack,$7.00,$35.00 per 100ea
Herbal Essences Hello Hydration Shampoo  | 300mL,$7.00,$2.33 per 100mL
Rimmel BB Cream Medium | 30mL,$9.00,$3.00 per 10mL | Was $15.00
Manicare Facial Cleansing Brush | 1 each,$9.06,$9.06 per 1ea | Was $15.10
Optrex Refreshing Eye Drops | 10mL,$7.30,$73.00 per 100mL
Dove Men Fresh Clean 2 in 1 Hair Shampoo | 300mL,$5.50,$1.83 per 100mL | Was $7.50 on Nov 2022
KOi Body Butter Coconut & Jojoba | 175mL,$15.00,$8.57 per 100mL
Schwarzkopf Got2b Istyler | 75mL,$13.00,$17.33 per 100mL
Myaura Antiperspirant Roll On Geranium Rose | 75mL,$9.00,$12.00 per 100mL
Rimmel Natural Bronzer Sunbronze | 14g,$9.60,$6.86 per 10g | Was $16.00
Savlon Antiseptic Cream | 75g,$8.00,$10.67 per 100g
Sanofi Epsom Salts - Magnesium Bath Crystals | 1kg,$9.00,$0.90 per 100g
Surf Life Saving Sunscreen Zinc Stick SPF 50+ Tinted | 12g,$10.00,$8.33 per 10g
,$10.00,$1.82 per 100mL
Head & Shoulders Supreme Scalp Repair Conditioner | 550mL,$10.00,$1.82 per 100mL | Was $20.00
Herbal Essences Aloe & Eucalyptus Shampoo | 400mL,$10.00,$2.50 per 100mL
Herbal Essences Aloe & Bamboo Conditioner | 350mL,$10.00,$2.86 per 100mL | Was $20.00
Head & Shoulders Ultramen 2 In 1 Moisture Recharge | 550mL,$10.00,$1.82 per 100mL | Was $20.00
Herbal Essences Bio Renew Potent Aloe + Honey Conditioner | 350mL,$10.00,$2.86 per 100mL | Was $20.00
Herbal Essences Potent Aloe + Avocado Oil Nourishing Conditioner | 350mL,$10.00,$2.86 per 100mL
Kings Domain Hair Texture Paste | 85g,$10.00,$11.76 per 100g | Was $16.00
Nicabate Minis Quit Smoking Lozenge 4mg | 20 pack,$10.00,$0.50 per 1ea | Was $12.80
Tena Men Active Fit Plus Navy Medium Pants | 9 pack,$10.01,$1.11 per 1ea | Was $14.30
Tena Men Active Fit Plus Navy Large Pants | 8 pack,$10.01,$1.25 per 1ea | Was $14.30
Gillette Venus Pure Shave Prep Manuka Honey | 174g,$8.50,$4.89 per 100g
Thursday Plantation Tea Tree Oil 100% | 15mL,$7.80,$52.00 per 100mL
Garnier Nutrisse 9.13 Light Ash Beige Blonde Permanent Hair Colour | 1 pack,$10.20,$10.20 per 1ea | Was $17.00
Garnier Nutrisse 5 Chocolate Brown Permanent Hair Colour | 1 pack,$10.20,$10.20 per 1ea | Was $17.00
Garnier Nutrisse Creamy Coffee Hair Colour | 1 pack,$10.20,$10.20 per 1ea | Was $17.00
KOi Lemon Myrtle Hand Sanitiser | 500mL,$16.00,$3.20 per 100mL
Tresemme Violet Blonde Shine Shampoo | 350mL,$9.00,$2.57 per 100mL
Tresemme Purple Shampoo Violet Blonde Shine Conditioner | 350mL,$9.00,$2.57 per 100mL
Sun Zapper Skin Tone Zinc SPF 50+ | 12g,$11.00,$91.67 per 100g
Lynx Aerosol Ice Chill Deodorant | 165mL,$8.00,$4.85 per 100mL
Lynx Aerosol Black Deodorant | 165mL,$8.00,$4.85 per 100mL
Lynx Collision Leather + Cookies Antiperspirant Aerosol | 165mL,$8.00,$4.85 per 100mL
Durex Invisible Extra Lube Thin Condoms | 10 pack,$9.00,$0.90 per 1ea | Was $10.99 on Feb 2021
Radox Muscle Soak Bath Salts | 500g,$8.25,$1.65 per 100g
Steradent Ultra 3 Fixative | 40g,$9.00,$22.50 per 100g
Sun Genius Hydrating Sunscreen Spray SPF 50+ | 200mL,$18.00,$9.00 per 100mL
D3 Rigid Strapping Tape | 1 pack,$10.00,$10.00 per 1ea
Microprotect Hand Sanitiser Gel | 1L,$15.00,$15.00 per 1L
Schick  Hydro 5 Blades | 4 pack,$11.25,$2.81 per 1ea | Was $22.50
Schwarzkopf Taft Full On Instant Freeze Jelly | 200mL,$9.50,$4.75 per 100mL | Was $10.00 on Aug 2022
Brut 72Hr Antiperspirant Deodorant Trail Fresh | 130g,$8.50,$6.54 per 100g
Anusol Suppositories | 12 pack,$8.20,$0.68 per 1ea
Salvital Lemon Effervescent Powder  | 375g,$7.50,$2.00 per 100g
Thursday Plantation Antiseptic Spray with Aloe Vera | 100mL,$9.50,$9.50 per 100mL
Durex Invisible Extra Thin Larger Condoms | 10 pack,$9.00,$0.90 per 1ea | Was $10.99 on Feb 2021
L'Oreal Men Expert Hydra Energetic Sheet Mask | 1 pack,$7.95,$7.95 per 1ea
Rimmel Scandaleyes Reloaded Black Mascara | 12mL,$12.00,$10.00 per 10mL | Was $20.00
Garnier Olia Hair Colour 4.15 Iced Chocolate | 1 pack,$12.00,$12.00 per 1ea | Was $20.00
Schick  Hydro Silk Blade Refill | 4 pack,$12.00,$3.00 per 1ea | Was $24.00
Colgate Zig Zag Flex Medium Toothbrush | 3 pack,$7.80,$2.60 per 1ea
Le Tan SPF 50+ BB Cream Medium Tint | 70mL,$12.00,$17.14 per 100mL
Eureka Tea Tree Water Soluble Solution | 200mL,$8.50,$4.25 per 100mL | Was $9.80 on Nov 2022
Compeed Cold Sore Patch | 15 pack,$12.50,$0.83 per 1ea | Was $16.00
Tresemme Colour Shine Plex Mask | 300mL,$10.00,$3.33 per 100mL
Clairol Root Touch Up Colour Blending Gel Dark Brown | 45mL,$12.60,$2.80 per 10mL | Was $18.00
Hismile Toothpaste Smooth Mint | 60g,$13.00,$21.67 per 100g
Zena Smooth Shampoo | 300mL,$20.00,$6.67 per 100mL
Johnson's Body Care Dreamy Skin Lavender & Moonflower Scented Body Wash | 1L,$13.00,$1.30 per 100mL
Aveeno Daily Moisturising Natural Body Wash | 354mL,$11.50,$3.25 per 100mL
Rimmel Wonder Extension Brown Black Mascara | 11mL,$13.20,$12.00 per 10mL | Was $22.00
Pantene Love Your Smooth Leave In Crme Treatment | 270mL,$15.00,$5.56 per 100mL
Schwarzkopf Extra Care Super Hold Hair Lacquer | 400g,$11.00,$2.75 per 100g
Natures Commonscents Goats Milk Moisturising Lotion | 200mL,$10.00,$5.00 per 100mL
Nurofen Pain Relief Meltlets Berry Burst Ibuprofen 200mg | 24 pack,$10.00,$0.42 per 1ea
Essano Rosehip Collagen Repair Night Crème | 50mL,$13.50,$27.00 per 100mL | Was $27.00
D3 Waterproof Kinesiology Tape | 6m,$15.00,$2.50 per 1M
St Ives Fresh Skin Apricot Scrub | 150mL,$11.50,$7.67 per 100mL
Sukin Signature Cleansing Hand Wash | 500mL,$11.00,$2.20 per 100mL
Grow Thicker Fuller | 250mL,$15.00,$6.00 per 100mL
L'Oreal Age Perfect Wipes | 25 pack,$9.50,$0.38 per 1ea
Betadine Antiseptic Topical Solution Liquid | 15mL,$11.90,$79.34 per 100mL
Rimmel Last Finish Foundation Cover 25H #203 True Beige | 30mL,$14.00,$4.67 per 10mL | Was $24.00
TIGI Bed Head Hair Cream After Party Treatment | 100mL,$14.00,$14.00 per 100mL | Was $20.00
Tigi Bed Head For Men Wax Matte Seperation | 85g,$14.00,$16.47 per 100g | Was $20.00
Dove Antiperspirant Clinical Protection Original Clean | 50mL,$8.00,$16.00 per 100mL
Schwarzkopf Got2B Modelling Wax | 100mL,$14.00,$14.00 per 100mL
Band-Aid Advanced Footcare Blister Cushion Medium Extreme | 5 pack,$12.50,$2.50 per 1ea
Band-Aid Advanced Footcare Blister Cushion Assorted Shapes | 5 pack,$12.50,$2.50 per 1ea
,$8.00,$12.50 per 100g | Was $11.00 on Feb 2022
Codral Cold & Flu Tablets | 10 pack,$9.50,$0.95 per 1ea
Rimmel Wonder Serum Lashes & Brows | 11mL,$14.40,$13.09 per 10mL | Was $24.00
Bio Oil Natural Skincare Oil | 60mL,$14.40,$11.52 per 100mL | Was $18.00
Schwarzkopf Extra Care Aqua Revive Moisturising Express Spray Conditioner | 200mL,$14.00,$7.00 per 100mL
Garnier Clean Sensitive Makeup Remover | 200mL,$11.00,$5.50 per 100mL
Tresemme Keratin Smooth Shampoo | 675mL,$13.00,$1.93 per 100mL
Tresemme Botanique Restore & Shine Shampoo | 675mL,$13.00,$1.93 per 100mL
Tresemme Violet Blonde Shine Conditioner | 675mL,$13.00,$1.93 per 100mL
Oral B Disney Battery Brush Frozen Or Starwars | 1 pack,$12.00,$12.00 per 1ea
Sukin Purely Ageless Restorative Night Cream | 120mL,$15.00,$12.50 per 100mL
Ultra Life Multi B Vitamin Tablets | 60 pack,$15.00,$0.25 per 1ea | Was $30.00
Haircarebear Apple Cider Vinegar Gummies | 60 pack,$15.00,$0.25 per 1ea | Was $30.00
Haircarebear Sleep Gummies | 60 pack,$15.00,$25.00 per 100ea | Was $30.00
Haircarebear Gummies Hyaluronic Acid | 60 pack,$15.00,$0.25 per 1ea | Was $30.00
Ultra Life Probiotic | 30 pack,$15.00,$0.50 per 1ea | Was $30.00
Audisol Ear Cleansing Spray | 50mL,$16.90,$33.80 per 100mL
Ural High Strength Cranberry Capsules | 30 pack,$15.00,$0.50 per 1ea
Murine Tears For Eyes | 15mL,$9.20,$61.34 per 100mL
Dermaveen Daily Nourish Rich Facial Moisturiser | 75mL,$15.00,$20.00 per 100mL
Cancer Council SPF 50+ Sensitive Sunscreen | 110mL,$14.50,$13.18 per 100mL
Berocca Energy Vitamin Orange 15 Effervescent Tablets | 1 Pack,$10.80,$72.00 per 100ea
Nexcare Strong Hold Pain Free Adhesive Pads | 4 pack,$12.00,$3.00 per 1ea
Garnier Pure Cleansing 3 In 1 Cleansing | 150mL,$13.50,$9.00 per 100mL
One Of A Kind Wild Cherry Wax Beads | 360g,$30.00,$8.33 per 100g
Covergirl Eyeliner Pencil Black Brown 1mL | 1 pack,$13.00,$13.00 per 1ea
Garnier Fructis Hair Food Papaya Shampoo | 350mL,$12.00,$3.43 per 100mL
Garnier Fructis Hair Food Macadamia Shampoo | 350mL,$12.00,$3.43 per 100mL
Garnier Fructis Hair Food Papaya Conditioner | 350mL,$12.00,$3.43 per 100mL
Garnier Fructis Banana Conditioner | 350mL,$12.00,$3.43 per 100mL
Vicks 2 In 1 Relief Cough Syrup | 200mL,$14.00,$7.00 per 100mL
One Of A Kind 5 Blade Kit | 1 pack,$15.00,$15.00 per 1ea
Just For Men Brown Black Hair Colour | 100g,$14.00,$14.00 per 100g
Just For Men Real Black Hair Colour | 100g,$14.00,$14.00 per 100mL
Olay Total Effects Cream Night | 50g,$16.50,$33.00 per 100g | Was $33.00
Olay Total Effects Moisturiser UV Normal | 50g,$16.50,$33.00 per 100g | Was $33.00
Deep Heat Sports Pain Relief Spray | 100g,$12.00,$12.00 per 100g
Sukin Volumising Conditioner | 500mL,$19.00,$3.80 per 100mL
Essano Collagen Boost Rosehip Oil Serum | 30mL,$17.00,$56.67 per 100mL | Was $34.00
Herbal Essences Bio Renew Hydrate Coconut Milk Conditioner | 600mL,$18.00,$3.00 per 100mL
Natures Way High Strength Iron | 30 pack,$13.00,$0.43 per 1ea
Hask 5 In 1 Leave In Spray Argan Oil | 175mL,$17.00,$9.71 per 100mL
Hask Argan Oil Pump Spray | 59mL,$17.00,$28.81 per 100mL
Pantene Micellar Aloe Vera Gentle Hydrating Conditioner | 530mL,$18.00,$3.40 per 100mL
Pantene Micellar Water Shampoo | 530mL,$18.00,$3.40 per 100mL
Nexcare Strong Hold Pain Free Tape 25m | 1 pack,$12.00,$12.00 per 1ea
Sukin Cleansing Hand Wash Lime & Coconut Pump | 1L,$13.00,$1.19 per 100mL
Maybelline Fit Me Concealer 15 Light | 6.8mL,$18.00,$26.47 per 10mL
Maybelline Brow Fast Sculpt Brow Gel Clear Mascara | 2.8mL,$16.00,$57.14 per 10mL
,$21.00,$21.00 per 1ea
Monday Volume Conditioner | 800mL,$20.00,$2.50 per 100mL
Monday Smooth Conditioner | 800mL,$20.00,$2.50 per 100mL
Colgate Kids Junior Powered Toothbrush | 1 pack,$12.00,$12.00 per 1ea
Clairol Nice 'N Easy Root Touch-Up 4 Dark Brown Hair Colour | 1 pack,$13.00,$13.00 per 1ea
Clairol Nice 'N Easy Root Touch-Up 3 Black Hair Colour | 1 pack,$13.00,$13.00 per 1ea
Skyn CONDOMS ASSORTED | 20 pack,$18.00,$0.90 per 1ea
Eulactol Gold Heel Balm | 60mL,$15.00,$25.00 per 100mL
Vicks First Defense Nasal Spray | 15mL,$15.00,$100.01 per 100mL
Maybelline Brow Ultra Slim Soft Brown Eyebrow Pencil | 8.3g,$17.00,$20.48 per 10g
Maybelline Brow Ultra Slim Deep Brown Eyebrow Pencil | 8.3g,$17.00,$20.48 per 10g
Bondi Sands Gradual Tanning Face Lotion | 50mL,$18.00,$36.00 per 100mL
Pantene Long & Strong Shampoo | 900mL,$19.00,$2.11 per 100mL
VS Sassoon Ceramic Dryer | 1 pack,$19.50,$19.50 per 1ea | Was $26.00
VS Sassoon Ceramic Slim- Lite Straightener | 1 pack,$19.50,$19.50 per 1ea | Was $26.00
Nature's Way Vita Gummies Multi-Vitamins 60 Pastilles | 1 pack,$11.00,$11.00 per 1ea | Was $16.50 on Jul 2022
Nature's Way Kids Smart Vita Gummies Omega | 60 pack,$16.50,$0.28 per 1ea
Olay Regenerist Micro-Sculpting Essence Water | 150mL,$20.00,$13.33 per 100mL | Was $40.00
Life Botanics Energy + Hair  | 60 pack,$20.00,$33.33 per 100ea
Oral B Vitality Ecobox Floss Action Electric Toothbrush | 1 pack,$20.00,$20.00 per 1ea | Was $50.00
Sensuous Edge Delay Gel For Men | 7mL,$25.00,$357.14 per 100mL
Oral B Vitality Sensitive Clean Electric Toothbrush | 1 pack,$20.00,$20.00 per 1ea
Sudafed PE Non Drowsy Nasal Decongestant Tablets | 20 pack,$15.60,$0.78 per 1ea
Natures Way Zinc + Vitamin C | 60 pack,$15.00,$0.25 per 1ea
Gaviscon Dual Action Mixed Berry Tablets | 48 pack,$16.50,$0.34 per 1ea
Eco Tools Full Powder Brush | 1 pack,$20.00,$20.00 per 1ea
Maybelline Master Precise Black Liquid Eyeliner | 10mL,$18.00,$18.00 per 10mL
Banana Boat Ultra SPF 50+ Sunscreen | 200mL,$18.00,$9.00 per 100mL
King C Gillette Beard Balm | 100mL,$20.00,$20.00 per 100mL
King C Gillette Beard Oil | 30mL,$20.00,$66.67 per 100mL
Essano Hydrating Rosehip Gentle Exfoliator | 100mL,$10.00,$10.00 per 100mL | Was $16.00
Cancer Council Facial Moisturiser Matte Water Resistant SPF 50+ | 150mL,$19.00,$12.67 per 100mL
Toni & Guy Damage Repair Conditioner | 250mL,$19.00,$7.60 per 100mL
Toni & Guy Leave In Conditioner | 100mL,$19.00,$19.00 per 100mL
Toni & Guy Sky High Volume Dry Shampoo | 250mL,$19.00,$7.60 per 100mL
Toni & Guy Dry Shampoo Brunette | 250mL,$19.00,$7.60 per 100mL
Monday Shampoo Gentle | 800mL,$20.00,$2.50 per 100mL
Bondi Sands SPF 50 Sport Aerosol Mist | 150mL,$17.00,$11.33 per 100mL
Garnier Fructis Coconut Water Shampoo | 850mL,$16.00,$1.88 per 100mL
Garnier Micellar Milky Water | 400mL,$15.00,$3.75 per 100mL
Garnier Aloe Body Superfood | 380mL,$15.00,$3.95 per 100mL
Cenovis Women's Multivitamin Capsules Multi For Energy | 50 pack,$17.00,$34.00 per 100ea
Bondi Sands SPF 50+ Face Lotion | 75mL,$15.00,$20.00 per 100mL
John Frieda Frizz Ease Dream Curls Curl Defining Creme | 150mL,$18.00,$12.00 per 100mL
Codral Cold & Flu + Mucus Cough Capsules | 16 pack,$16.50,$1.03 per 1ea
Sukin Signature Travel Pack | 5 Pack,$20.00,$4.00 per 1ea
Duro-tuss Relief Dry Cough Liquid | 200mL,$15.00,$7.50 per 100mL
Bonds Bloody Comfy Period Bikini Brief Moderate Size 8 | 1 pack,$20.00,$20.00 per 1ea
Bonds Bloody Comfy Period Bikini Brief Moderate Size 10 | 1 pack,$20.00,$20.00 per 1ea
Gillette Fusion Power Razor +1 Blade | 1 pack,$19.00,$19.00 per 1ea
Bonvit Psyllium Fibre Capsules | 180 pack,$22.50,$0.13 per 1ea | Was $28.00
John Frieda Frizz Ease Dream Curls Shampoo | 250mL,$18.00,$7.20 per 100mL
John Frieda Frizz Ease Miraculous Recovery Conditioner | 250mL,$18.00,$7.20 per 100mL
John Frieda Sheer Blonde Shampoo Highlight | 250mL,$18.00,$7.20 per 100mL
L'Oreal Paris Elvive Conditioner Colour Protect | 700mL,$11.00,$1.57 per 100mL
DermaVeen Shower & Bath Oil | 500mL,$17.00,$3.40 per 100mL
Ease A Cold Cold & Congestion Day & Night Capsules | 30 pack,$14.50,$0.48 per 1ea
L'Oreal Magic Retouch Brown | 75mL,$18.00,$24.00 per 100mL
Banana Boat Spf 50+ Ultra Clear Spray | 175g,$21.00,$12.00 per 100g
L'Oreal Casting Creme Gloss Light Brown Hair Colour | 1 each,$20.00,$20.00 per 1ea
L'Oreal Casting Creme Gloss Ebony Black Hair Colour | 1 pack,$20.00,$20.00 per 1ea
Gillette Venus Deluxe Smooth Platinum Women's Razor +2 Blades | 1 pack,$21.00,$21.00 per 1ea
Always Discreet Underwear Incontinence Pants Medium | 9 pack,$22.00,$2.44 per 1ea
Bondi Sands Gradual Tanning Lotion Tinted Skin Perfector | 150mL,$23.00,$15.33 per 100mL
Gillette Skinguuard Razor Handle +2 Blade | 1 pack,$20.00,$20.00 per 1ea
Essano Facvisible Repair Facial Elixirial Elixir | 20mL,$25.00,$125.00 per 100mL | Was $50.00
Clearblue Digital Pregnancy Test Kit | 2 pack,$26.00,$13.00 per 1ea
Bondi Sands Hydra Uv Protect Spf50+ Face Lotion | 50mL,$20.00,$40.00 per 100mL
Neutrogena Advanced Acne Cleanser | 150mL,$21.00,$14.00 per 100mL
Always Discreet Underwear Incontinence Super Night Pants L | 1 each,$22.00,$22.00 per 1ea
L'Oreal Energetic Moisturiser SPF | 50mL,$17.00,$34.00 per 100mL
Maybelline Superstay 24Hr Lip Plum | 4.1mL,$26.00,$63.42 per 10mL
Nature's Way Magnesium Oil Topical Spray | 250mL,$20.00,$8.00 per 100mL
Natures Way Kids Gummies Calm & Sleep | 50 pack,$20.00,$40.00 per 100ea
Skyn Original Condoms | 40 pack,$27.00,$0.68 per 1ea | Was $30.50
Sensuous Raging Bull Male Libido Gel | 100mL,$30.00,$30.00 per 100mL
Gillette Venus Comfortglide White Tea Women's Razor Blade | 4 pack,$21.50,$5.38 per 1ea
Natures Way Restore Probiotic Daily Health Capsules | 28 pack,$22.50,$80.36 per 100ea
Sukin Hydrating Shampoo | 1L,$23.00,$2.30 per 100mL | Was $32.00 on Nov 2022
Nicabate Minis Mint Lozenges 1.5mg | 60 pack,$28.00,$0.47 per 1ea | Was $33.20
Nicabate Minis Quit Smoking Lozenge 4mg | 60 Pack,$28.00,$0.47 per 1ea | Was $33.20
Gillette Proglide Power Red Razor + 1 Blade | 1 pack,$25.00,$25.00 per 1ea
Nature's Way Men's Multi-Vitamin Vita Gummies | 100 pack,$23.00,$0.23 per 1ea
Nature's Way Vita Gummies Hair- Skin & Nails | 60 pack,$23.00,$0.38 per 1ea
Nature's Way Adults Vita Gummies Magnesium | 80 pack,$23.00,$28.75 per 100ea
Nature's Way Vita Gummies Omega 3 | 110 pack,$23.00,$0.21 per 1ea
Nature's Way Vita Gummies Vitamin C | 120 pack,$23.00,$0.19 per 1ea
Natures Way Gummies Curcumin | 50 pack,$21.00,$42.00 per 100ea
Gillette Venus Extra Smooth Women's Razor Blade | 4 pack,$23.50,$5.88 per 1ea
Revlon Colorstay Brow Pencil Soft Brown | 0.35g,$23.00,$657.14 per 10g
Revlon Colorstay Soft Blonde Brow Pencil | 0.35g,$23.00,$657.14 per 10g
L'Oreal Preference St Honore 3.12 | 1 pack,$24.00,$24.00 per 1ea
L'Oreal Preference Tahiti 4 Permanent Hair Colour | 1 pack,$24.00,$24.00 per 1ea
L'Oreal Preference Helsinki Permanent Hair Colour | 1 pack,$24.00,$24.00 per 1ea
L'Oreal Preference 5.3 Virginia Hair Colour | 1 pack,$24.00,$24.00 per 1ea
Maybelline Superstay 24Hr Lip Chestnut | 4.1mL,$26.00,$63.42 per 10mL
Nivea Q10 Plus Night Cream Anti Wrinkle | 50mL,$26.00,$52.00 per 100mL
Olay Regenerist Retinol 24 Night Face Moisturiser | 50g,$29.50,$59.00 per 100g | Was $59.00
Olay Luminous Niacinamide + Vitamin C Super Serum | 30mL,$30.00,$100.00 per 100mL | Was $60.00
Cenovis Magnesium Tablets Muscle Health Supplement | 120 pack,$19.60,$16.33 per 100ea
Aveeno Dermexa Daily Emollient Fragrance Free Cream | 200mL,$24.00,$12.00 per 100mL
Toni & Guy Shampoo Strengthplex | 600mL,$30.00,$5.00 per 100mL
Nivea Q10 Power Mature Night Cream | 50mL,$28.00,$56.00 per 100mL
Herron Nicaway Nicotine Lozenge 2mg | 72 pack,$21.00,$0.29 per 1ea
L'Oreal Paris Excellence 6.54 Light Mahogany Copper Brown Hair Colour | 1 pack,$24.00,$24.00 per 1ea
L'Oreal Paris Excellence Creme Light Blonde Hair Colour | 1 pack,$24.00,$24.00 per 1ea
L'Oreal Paris Excellence 3 Darkest Brown Hair Colour | 1 pack,$24.00,$24.00 per 1ea
L'Oreal Paris Excellence 4.15 Dark Frosted Brown Hair Colour | 1 pack,$24.00,$24.00 per 1ea
L'Oreal Paris Excellence 5.15 Natural Frosted Brown Hair Colour | 1 pack,$24.00,$24.00 per 1ea
Cenovis Vitamin D 1000IU Tablets D3 For Bone Health | 200 pack,$14.65,$0.07 per 1ea
Blackmores Mega B Complex Energy Vitamin Tablets | 75 pack,$28.00,$37.33 per 100ea
Swisse Ultiboost Vitamin D Capsules | 250 pack,$29.00,$11.60 per 100ea
Oral B Pro 100 3D White Electric Toothbrush | 1 pack,$35.00,$35.00 per 1ea | Was $80.00
Nature's Way Kids Smart Gummies Multi-Vitamin +Vegies | 120 pack,$30.00,$0.25 per 1ea
Berocca Performance Mango And Orange  Effervescent Tablets | 45 Pack,$22.80,$0.51 per 1ea
Herron Nicaway Mint Chewing Gum 2Mg | 96 pack,$20.00,$0.21 per 1ea | Was $28.00 on Oct 2022
Nature's Way Activated Curcumin Tablets | 30 pack,$27.00,$0.90 per 1ea
Garnier Green Labs Brightening Serum Cream | 72mL,$27.00,$37.50 per 100mL
Blackmores Probiotics+ Daily Health Capsules | 30 pack,$31.00,$103.34 per 100ea
Blackmores Probiotics+ Immune Defence Capsules | 30 pack,$31.00,$103.34 per 100ea
Life-Space Probiotic 60+ Years Hard Capsules | 40 pack,$28.00,$0.70 per 1ea
Nivea Sun Protect And Moisture SPF50+ | 1L,$34.00,$3.40 per 100mL
Invisible Zinc Sheer Defence Tinted Moisturiser SPF 50 Medium | 50g,$34.00,$68.00 per 100g
Nature's Own Vitamin D 1000IU   Capsules | 400 pack,$32.00,$0.08 per 1ea
Maui Smoothie Coconut Oil Curl | 340g,$26.00,$7.65 per 100g
Cenovis Men's Multivitamin + PerFormance Multi Capsules | 100 pack,$32.00,$0.32 per 1ea
Thompson's One-a-day Milk Thistle 42000mg Capsules | 60 pack,$37.00,$61.67 per 100ea
L'Oreal Revitalift Day Cream | 50mL,$37.00,$74.00 per 100mL
Gillette Labs Mens Razor Kit With 2 Blades | 1 pack,$40.00,$40.00 per 1ea
Voltaren Osteo Anti-Inflammatory Gel | 100g,$28.00,$28.00 per 100g | Was $32.00 on Sep 2022
L'Oreal Age Perfect Intense Nutrition Night Cream | 50mL,$40.00,$80.00 per 100mL
Swisse Ultiboost Odorless High Strength Wild Fish Oil 1500mg | 400 pack,$44.50,$11.13 per 100ea
Oral B Electric Toothbrush Precision Clean Head | 6 pack,$40.00,$6.67 per 1ea
Nicorette Quit Smoking Regular Strength Nicotine Gum Icy Mint | 150 pack,$49.99,$0.33 per 1ea
Nature's Way Restore Probiotic Capsules | 90 pack,$50.00,$0.56 per 1ea
Oral B Pro 1500 Electric Toothbrush With Travel Case | 1 pack,$65.00,$65.00 per 1ea | Was $130.00
L'Oreal Revitalift Filler Day Cream | 50mL,$50.00,$100.00 per 100mL
L'Oreal Revitalift Filler Replumping Night Moisturiser | 50mL,$50.00,$100.00 per 100mL
L'Oreal Age Perfect Cell Renewal Day Cream | 50mL,$50.00,$100.00 per 100mL
Gillette Fusion Power Razor Blades | 8 pack,$52.00,$6.50 per 1ea
L'Oreal Revitalift Laser X3 SPF15 Day Cream | 50mL,$50.00,$100.00 per 100mL
Neutrogena Rapid Wrinkle Repair Retinol Regenerating Cream | 48g,$55.00,$114.59 per 100g
L'Oreal Revitalift Laser Retinol Pressed Night Cream | 50mL,$60.00,$120.00 per 100mL
Thursday Plantation Tea Tree Face Wash For Acne | 150mL,$13.00,$8.67 per 100mL
Garnier Fructis Repairing Papaya Hair Food | 390mL,$14.00,$3.59 per 100mL
Garnier Fructis Full & Luscious Shampoo | 315mL,$7.50,$2.38 per 100mL
Garnier Fructis Full & Luscious Shampoo | 850mL,$16.00,$1.88 per 100mL
Astroglide Liquid Personal Lubricant | 74mL,$9.00,$12.16 per 100mL
VS Sassoon Mini Pro Curling Tong Styler | 1 pack,$15.50,$15.50 per 1ea
Head & Shoulders Supreme Conditioner Moisture | 80mL,$3.00,$3.75 per 100mL
Advanced Hair Thickening Serum | 100mL,$19.00,$19.00 per 100mL
Swisse Kids Gummies Multi | 60 pack,$11.40,$0.19 per 1ea | Was $19.00 on Sep 2022
Four Seasons Naked Sensation Condoms | 50 pack,$19.00,$0.38 per 1ea | Was $22.50 on Aug 2022
Natures Way Adult Vita Gummies B12 Energy | 80 pack,$23.00,$0.29 per 1ea
Bosisto's Antiseptic Spray | 55mL,$7.50,$13.64 per 100mL
Nivea Deo Roll On Men Black And White Max Protection | 50mL,$6.00,$12.00 per 100mL
Bic Soleil Sensitive Advance Razor | 2 pack,$11.00,$5.50 per 1ea
Glow Lab Hydrating Shampoo | 600mL,$33.00,$5.50 per 100mL
Veet For Men Depilatories Sensitive Cream | 200mL,$11.50,$5.75 per 100mL | Was $14.00 on May 2022
Herbal Essences Bio Renew Shampoo Strawberry | 600mL,$18.00,$3.00 per 100mL
Herbal Essences Bio Renew Conditioner Strawberry | 600mL,$18.00,$3.00 per 100mL
Nad's Men Down Under Removal Cream | 150mL,$13.50,$9.00 per 100mL
Colgate Infinity Soft Deep Clean Toothbrush | 1 pack,$30.00,$30.00 per 1ea
Gillette 5 Aqua Cartridges | 8 pack,$39.00,$4.88 per 1ea
Coles Facial Razors | 2 pack,$10.00,$5.00 per 1ea
Nivea Cellular Lift Expert Night Cream | 50mL,$35.00,$70.00 per 100mL
Tresemme Conditioner Cleanse Replenish | 940mL,$14.00,$1.49 per 100mL
Oc Naturals Kids 3 In 1 Fruit Frenzy | 500mL,$4.90,$0.98 per 100mL
,$18.00,$7.20 per 100mL
Ultra Life Effervescent Energy Tropical Tablets | 20 pack,$9.00,$0.45 per 1ea
Redwin Coal Tar Shampoo | 250mL,$6.30,$2.52 per 100mL
Barber & Co Volume Powder | 30g,$17.00,$56.67 per 100g
Schwarzkopf Live Colour Ultra Brights Magnetic Purple | 75mL,$14.00,$18.67 per 100mL
Clairol Nice'N Easy 2 Black | 1 pack,$9.70,$9.70 per 1ea | Was $14.00 on Oct 2022
Clairol Nice'N Easy 6 Light Brown | 1 pack,$9.70,$9.70 per 1ea | Was $14.00 on Oct 2022
Clairol Nice'N Easy 4 Dark Brown | 1 pack,$9.70,$9.70 per 1ea | Was $14.00 on Oct 2022
Clairol Nice'N Easy 9A Light Ash Blonde | 1 pack,$9.70,$9.70 per 1ea | Was $14.00 on Oct 2022
Garnier Ambre Solaire Natural Bronzer Tanning Lotion | 200mL,$14.00,$7.00 per 100mL | Was $19.00 on Oct 2022
Brut Essence 72Hr Antiperspirant Deodorant Grounded | 130g,$8.50,$6.54 per 100g
Nivea Men Deodorant Roll On Intense Protection Sport | 50mL,$4.00,$8.00 per 100mL
Ultra Life Magnesium | 200 pack,$30.00,$0.15 per 1ea
Natures Way Beauty Collagen + Hyaluronic Acid | 60 pack,$40.00,$0.67 per 1ea
Gillette Venus Smooth Sensitive Razor Kit With 2 Blades | 1 pack,$13.99,$13.99 per 1ea
Napro Palette 3-65 Chocolate Brown Permanent Hair Colour | 1 pack,$9.00,$9.00 per 1ea
Elastoplast Non Stick Pads | 5 pack,$6.40,$1.28 per 1ea
Nivea Men Active Energy Face Cream Moisturiser | 50mL,$15.00,$30.00 per 100mL
Herbal Essences Classic Replenishing Shampoo | 490mL,$10.00,$2.04 per 100mL
Herbal Essences Classics Shampoo Normal | 490mL,$10.00,$2.04 per 100mL
Herbal Essences Classic Normal Hair Moisturising Conditioner | 490mL,$10.00,$2.04 per 100mL
Schwarzkopf Taft Spike Styling Gel | 150g,$6.00,$4.00 per 100g | Was $6.50 on Aug 2022
Listerine Teeth Defence Antibacterial Mouthwash | 1L,$17.00,$1.70 per 100mL
Coles Long Handled Section Comb | 1 pack,$5.60,$5.60 per 1ea
Coles One Touch Clips Black | 14 pack,$5.60,$0.40 per 1ea
Coles Scrunchie Super | 2 pack,$5.00,$2.50 per 1ea
LPO Purify Micellar Facial Cleansing Wipes | 25 pack,$7.00,$0.28 per 1ea
Coles Foam Ear Plugs | 4 pack,$6.00,$1.50 per 1ea
Head & Shoulders Supreme Shampoo | 80mL,$3.00,$3.75 per 100mL
Coles Pro Whitening Toothpaste | 140g,$3.00,$2.14 per 100g
Coles Nail Polish Remover Gel Nails | 125mL,$8.00,$6.40 per 100mL
Coles Intimate Wash | 250mL,$5.50,$2.20 per 100mL
Urban Colour Liquid Foundation Tan | 30mL,$5.50,$1.83 per 10mL
Urban Colour Eyebrow Pencil Brunette | 1g,$5.50,$55.00 per 10g
Coles Non Stick Dressings 7.5cm | 5 pack,$3.50,$0.70 per 1ea | Was $4.00
Urban Colour Volume Mascara Black | 12g,$4.50,$37.50 per 100g
KOi Orchid & Cedarwood Bath Fizz | 175g,$5.00,$2.86 per 100g
Coles Dry Shampoo | 150g,$6.00,$4.00 per 100g
Libra Cotton Pads Super Wings | 10 pack,$4.40,$0.44 per 1ea | Was $5.50
Libra Cotton Tampons Regular | 16 pack,$4.40,$0.28 per 1ea | Was $5.50
Headgear Barbers Wax | 100g,$4.50,$4.50 per 100g | Was $9.00
Sunsilk Longer & Stronger Shampoo | 350mL,$4.55,$1.30 per 100mL | Was $6.50
Sunsilk Detox For Men Shampoo | 350mL,$4.55,$1.30 per 100mL | Was $6.50
Hask Keratin Sachet Conditioner | 50g,$6.00,$12.00 per 100g
Lady Jayne Style Guards Kink- Free Spirals Black Elastic | 8 pack,$4.80,$0.60 per 1ea | Was $8.50
Thank You Lemon & Poppy Seed Body Bar | 100g,$3.50,$3.50 per 100g
Lifestyles Large Condoms | 10 pack,$5.00,$0.50 per 1ea | Was $6.50
KOi For Men Shave Gel | 200mL,$12.50,$6.25 per 100mL
Thankyou Lemon & Lime Sanitizer | 50mL,$3.50,$7.00 per 100mL
Voost Effervescent Energy Raspberry Tablets | 20 pack,$5.40,$0.27 per 1ea | Was $9.00
Herbal Essences Bio Renew Smooth Golden Moringa Oil Conditioner | 400mL,$6.00,$1.50 per 100mL | Was $12.00
Dettol Australian Heartland Collection Hand Soap Wild Rosella | 500mL,$6.00,$1.20 per 100mL | Was $10.00
Beach Road Bergamot & Sandalwood Hand Cream | 100mL,$6.00,$6.00 per 100mL | Was $12.00
So Ibiza Dream Summer Escapes Body Mist | 200mL,$6.00,$3.00 per 100mL | Was $10.00
Beach Road Natural Sandalwood Germanium & Bergamot Hand Wash | 500mL,$6.00,$1.20 per 100mL | Was $10.00
Brite Semi Permanent Colour Purple | 75mL,$6.00,$8.00 per 100mL | Was $10.00
Brite Semi Permanent Colour Blue | 75mL,$6.00,$8.00 per 100mL | Was $10.00
Disprin Dispersible Headache Remedy Tablets | 24 pack,$5.00,$0.21 per 1ea
Four Seasons Naked Delay Condoms | 12 pack,$7.00,$0.58 per 1ea
Four Seasons Naked Flavours Condoms  | 12 pack,$7.00,$0.58 per 1ea
Scunci No Slip Grip Head Wraps | 4 pack,$6.30,$1.58 per 1ea | Was $9.00
Coles Leave In Treatment | 250mL,$6.00,$2.40 per 100mL
KOi Lavender & Ylang Ylang Bath Salts | 500g,$10.00,$2.00 per 100g
Schick  Quattro For Women Razor Blade Cartridges | 4 pack,$6.75,$1.69 per 1ea | Was $13.50
Schwarzkopf Taft Max Hold Styling Mousse | 200g,$5.00,$2.50 per 100g | Was $5.50 on Jul 2022
Rock Face Deodorant Antiperspirant 48 Hour | 200mL,$7.00,$3.50 per 100mL
Manicare Gold Tip Slant Tweezer | 1 pack,$6.96,$6.96 per 1ea | Was $11.60
Vicks Extra Strong Cooling Centre Menthol Lozengers | 16 pack,$5.90,$0.37 per 1ea
Sukin Hydrating Mist Toner | 125mL,$7.00,$5.60 per 100mL
Scunci Skinny Elastics 100 pieces | 1 pack,$7.00,$7.00 per 1ea | Was $10.00
Scunci Oval Barrette Large 2 pieces | 1 pack,$7.00,$7.00 per 1ea | Was $10.00
Scunci Scrunchies Large 3 pieces | 1 pack,$7.00,$7.00 per 1ea | Was $10.00
Clearasil Rapid Action Face Cleanser Gel Wash | 200mL,$7.00,$3.50 per 100mL | Was $14.00
Nair Easiwax Mini Reusable Wax Strips | 20 pack,$7.20,$0.36 per 1ea | Was $9.00
Palmolive Naturals Intensive Moisture Conditioner | 350mL,$6.00,$1.71 per 100mL
Coles Ankle Support Premium | 1 each,$8.00,$8.00 per 1ea
Coles Wrist Support Premium | 1 each,$8.00,$8.00 per 1ea
Sanofi Calamine Lotion - Itchiness Relief | 200mL,$4.80,$2.40 per 100mL
Sukin Signature Cream Cleanser Pump | 125mL,$7.50,$6.00 per 100mL | Was $15.00
Head & Shoulders Citrus Fresh Shampoo | 400mL,$7.50,$1.88 per 100mL | Was $15.00
Rimmel 100% Waterproof Mascara Black #001 | 8mL,$7.80,$9.75 per 10mL | Was $13.00
Coles  Lens Wipes | 60 pack,$7.00,$0.12 per 1ea
Essano Hydrating Rosehip Gel Foaming Cleanser | 140mL,$8.00,$5.71 per 100mL | Was $16.00
Sukin Signature Hydrating Body Lotion | 500mL,$8.00,$1.60 per 100mL | Was $16.00
Head & Shoulders Supreme Scalp Repair Conditioner | 400mL,$8.00,$2.00 per 100mL | Was $16.00
,$8.00,$2.00 per 100mL
Sukin Blemish Control Facial Wash | 125mL,$8.00,$6.40 per 100mL | Was $16.00
Clairol Natural Instincts 5R Cinnaberry Medium Auburn Hair Colour | 1 pack,$8.00,$8.00 per 1ea | Was $16.00
Essano Blonde Shampoo | 300mL,$8.00,$2.67 per 100mL | Was $16.00
Head & Shoulders Supreme Scalp Purify & Volume Conditioner | 400mL,$8.00,$2.00 per 100mL | Was $16.00
Sukin Rosehip Rejuvenating Facial Scrub | 125mL,$8.00,$0.64 per 10mL | Was $16.00
Colgate Bamboo Toothbrush Medium | 2 pack,$8.00,$4.00 per 1ea | Was $10.00
Voost Magnesium Forte Effervescent | 10 pack,$8.00,$0.80 per 1ea | Was $10.00
Beach Road Naturals Bar Shampoo Hemp See Oil & Juniper Berry | 90g,$8.00,$8.89 per 100g | Was $14.00
﻿Head & Shoulders Ultramen 2 In 1 Moisture Recharge | 400mL,$8.00,$2.00 per 100mL | Was $16.00
People Volume Shampoo | 350mL,$8.00,$2.29 per 100mL | Was $16.00
People Hair Mask | 200mL,$8.00,$4.00 per 100mL | Was $16.00
Salts & Co Pure Epsom And Pink Himalayan Bath Salts | 1kg,$9.00,$0.90 per 100g
Salts & Co Pure Magnesium Bath Flakes | 750g,$9.00,$1.20 per 100g
Clairol Root Touch Up No Ammonia 5G Gold Brown | 1 pack,$8.25,$8.25 per 1ea | Was $16.50
Impulse Luxe Body Spray Emerald Meadow | 75mL,$6.50,$8.67 per 100mL
Lynx Men Body Wash Africa | 400mL,$6.50,$1.63 per 100mL
Rimmel Lasting Finish Lip Liner Rose Addiction | 4g,$8.40,$21.00 per 10g | Was $14.00
White Glo Gum Health Whitening Toothpaste | 115g,$6.00,$5.22 per 100g
Head & Shoulders Conditioner Smooth & Silky | 200mL,$8.00,$4.00 per 100mL
,$9.00,$2.25 per 100mL
Schwarzkopf Extra Care Colour Perfector Protecting Conditioner | 400mL,$9.00,$2.25 per 100mL
,$9.00,$2.25 per 100mL
Schwarzkopf Extra Care Aqua Revive Moisturising Shampoo | 400mL,$9.00,$2.25 per 100mL
Vicks Vapodrops Immune Support Orange Lozenges | 16 pack,$8.00,$0.50 per 1ea
Vicks Extra Strong Lemon Menthol Lozengers | 16 pack,$8.00,$0.50 per 1ea
Thank You Exfoliating Botanical Geranium & Rosewood Handwash | 250mL,$6.00,$2.40 per 100mL
Herbal Essences Hello Hydration Conditioner  | 300mL,$7.00,$2.33 per 100mL
Herbal Essences Shampoo Drama Clean | 300mL,$7.00,$2.33 per 100mL
Pantene Intense Miracle Shots Collagen Repair Treatment | 3 pack,$15.00,$5.00 per 1ea
OC Naturals Normal Balance Conditioner | 725mL,$6.40,$0.88 per 100mL
OC Naturals Dry Nourish Shampoo | 725mL,$6.40,$0.88 per 100mL
OC Naturals Dry Nourish Conditioner | 725mL,$6.40,$0.88 per 100mL
Imodium Diarrhoea Capsules | 8 pack,$9.00,$1.13 per 1ea | Was $11.00
Coles Knee Support Premium | 1 each,$10.00,$10.00 per 1ea
Herbal Essences Bio Renew Coconut Oil Hair Mask For Hydration | 237mL,$9.00,$3.80 per 100mL | Was $18.00
Strepsils Herbal Cough Lozenges Fresh Menthol | 16 each,$8.00,$0.50 per 1ea
Dove Weightless Conditioner Detox & Nourish | 300mL,$7.70,$2.57 per 100mL
Head & Shoulders Ultra Men 2 In 1 Deep Clean Shampoo | 200mL,$8.50,$4.25 per 100mL
Head & Shoulders 2 in 1 Ultramen Old Spice Shampoo | 200mL,$8.50,$4.25 per 100mL
Herbal Essences Moroccan My Shine Conditioner | 300mL,$7.00,$2.33 per 100mL
Wet Ones Antibacterial Hand Wipes Be Gentle | 60 pack,$7.50,$0.13 per 1ea
Rimmel Oh My Gloss! Snog 330 | 6.5mL,$9.60,$14.77 per 10mL | Was $16.00
Rimmel #Insta Fix & Go 2 In 1 Primer & Setting Spray | 100mL,$9.60,$9.60 per 100mL | Was $16.00
Rimmel Brow This Way Dark Brown Fill & Sculpt Eyebrow Definer 0.4g | 1 each,$9.60,$9.60 per 1ea | Was $16.00
Rimmel Exposed Maxi Blush Powder | 9g,$9.60,$10.67 per 10g | Was $16.00
Gillette Simply Venus Disposable Razors | 4 pack,$8.00,$2.00 per 1ea
Myaura Teen Roll On Deodorant Coco Nutty Vanilla | 50mL,$8.00,$16.00 per 100mL
Schmidt's Signature Deodorant Stick Bergamot And Lime | 75g,$9.80,$13.07 per 100g | Was $14.00
Coles Lavender Spray | 125g,$4.00,$3.20 per 100g | Was $10.00 on May 2021
Coles Tea Tree Oil Spray | 125g,$4.00,$3.20 per 100g | Was $10.00 on May 2021
Herbal Essences Coconut & Aloe Treatment | 100mL,$10.00,$10.00 per 100mL | Was $20.00
Herbal Essences Aloe & Mango Shampoo | 400mL,$10.00,$2.50 per 100mL | Was $20.00
Centrum Energise & Go Capsules | 50 pack,$10.00,$0.20 per 1ea | Was $20.00
Moosehead Max Wax | 80g,$10.00,$12.50 per 100g | Was $12.50
Sup Gut Love Debloat Capsules | 30 pack,$10.00,$33.33 per 100ea | Was $20.00
Olay Regenerist Collagen Peptide 24 Cleanser | 150mL,$10.00,$6.67 per 100mL | Was $20.00
Olay Regenerist Vitamin C Peptide 24 Brightening Cleanser | 150mL,$10.00,$6.67 per 100mL | Was $20.00
Laxette Senna Laxative Extra Strength Soft Gel | 30 pack,$10.00,$0.33 per 1ea | Was $13.00
Kings Domain Hair Shaping Fibre | 85g,$10.00,$11.76 per 100g | Was $16.00
Sup Gummies Multi Beauty & Wellness | 160 pack,$10.00,$0.06 per 1ea | Was $20.00
Garnier Fructis Coconut Water Shampoo | 315mL,$7.50,$2.38 per 100mL
Cancer Council Ace Day Wear Lip Balm SPF 50+ Raspberry | 15g,$8.00,$53.34 per 100g
Skin Republic Charcoal Peel Off Mask | 3 Pack,$10.00,$3.33 per 1ea
Garnier Nutrisse Permanent Hair Colour 5N Natural Brown | 1 pack,$10.20,$10.20 per 1ea | Was $17.00
Garnier Nutrisse Naturals Hair | 1 pack,$10.20,$10.20 per 1ea | Was $17.00
Garnier Nutrisse Hair | 1 pack,$10.20,$10.20 per 1ea | Was $17.00
Garnier Nutrisse Hair Colour 100 Truly Blonde Extra Light | 1 pack,$10.20,$10.20 per 1ea | Was $17.00
Garnier Nutrisse 7 Almond Cream Permanent Hair Colour | 1 pack,$10.20,$10.20 per 1ea | Was $17.00
Garnier Nutrisse 4 Tamarind Permanent Hair Colour | 1 pack,$10.20,$10.20 per 1ea | Was $17.00
Garnier Nutrisse 4.3 Cappuccino Permanent Hair Colour | 1 pack,$10.20,$10.20 per 1ea | Was $17.00
Garnier Nutrisse Hair Colour 6.6 Fiery Red | 1 pack,$10.20,$10.20 per 1ea | Was $17.00
Garnier Nutrisse 7.3 Honey Dip Permanent Hair Colour | 1 pack,$10.20,$10.20 per 1ea | Was $17.00
Thankyou Milk Hand Wash Lemon Myrtle & Goats Milk | 500mL,$7.50,$1.50 per 100mL
Tresemme Botanique Restore & Shine Conditioner  | 350mL,$9.00,$2.57 per 100mL
Gillette Pure Soothing Shave Gel With Aloe | 170g,$8.50,$5.00 per 100g
Beach Road Naturals Shampoo Coconut & Kafier Lime Oil | 500mL,$10.50,$2.10 per 100mL | Was $18.00
Beach Road Naturals Conditioner Coconut & Kafier Lime Oil | 500mL,$10.50,$2.10 per 100mL | Was $18.00
Lynx Aerosol Dark Temptation Deodorant | 165mL,$8.00,$4.85 per 100mL
Lynx Aerosol Africa Antiperspirant | 165mL,$8.00,$4.85 per 100mL
Coles Assure Pants For Women Medium | 8 pack,$9.65,$1.21 per 1ea
Rexona Women Antiperspirant Pump Sport Deodorant | 150mL,$7.80,$5.20 per 100mL
Stop Itch First Aid Cream | 50g,$7.00,$14.00 per 100g
Dove Body Wash Restoring | 500mL,$9.00,$1.80 per 100mL
Schwarzkopf Got2B Glued Gel | 150mL,$11.00,$7.33 per 100mL
Sukin Signature Antioxidant Eye Serum | 30mL,$11.00,$36.67 per 100mL | Was $22.00
KY Natural Harmony Lubrucant | 100mL,$11.00,$11.00 per 100mL | Was $13.00
Marzena Natural Body Wax Strips | 40 pack,$11.25,$0.28 per 1ea
Sun Genius Sensitive Skin Sunscreen Spray SPF 50+ | 200mL,$18.00,$9.00 per 100mL
Four Seasons Massage Oil | 150mL,$7.20,$4.80 per 100mL
Rimmel Scandaleyes Volume On Demand Mascara Black | 12mL,$11.40,$9.50 per 10mL | Was $19.00
D3 Cohesive Wrap | 1 pack,$10.00,$10.00 per 1ea
Nyal Antiviral Cold Sore Cream | 5g,$8.60,$172.00 per 100g
D3 Kinesiology Tape 6.0m X 50mm | 1 pack,$10.00,$10.00 per 1ea
Dove Conditioner Nourishing Moisture | 820mL,$11.90,$1.45 per 100mL | Was $17.00
Wakey Wakey Energy Efferverscent Tablets | 20 pack,$11.00,$55.00 per 100ea
Audiplugs Flight Care & Comfort | 1 pack,$13.50,$13.50 per 1ea
Essano Hydrating Rosehip Regenerating Moisturiser | 140mL,$12.00,$8.57 per 100mL | Was $24.00
Essano Hydrating Rosehip Oil | 20mL,$12.00,$60.00 per 100mL | Was $24.00
Schwarzkopf Natrual Brown Live Colour | 1 pack,$12.00,$12.00 per 1ea | Was $14.00
Schwarzkopf Extra Care Keratin Heat Protect Spray | 250mL,$12.00,$4.80 per 100mL | Was $13.00
Epzen Soothe Soak 100% Natural Magnesium Bath Flakes | 500g,$12.00,$2.40 per 100g | Was $15.00
Garnier Olia Hair Colour 1.0 Night Black | 1 pack,$12.00,$12.00 per 1ea | Was $20.00
Garnier Olia Hair Colour 6.0 Light Brown | 1 pack,$12.00,$12.00 per 1ea | Was $20.00
Garnier Olia Hair Colour 8.0 Blonde | 1 pack,$12.00,$12.00 per 1ea | Was $20.00
Garnier Olia Hair Colour 3.0 Soft Black | 1 pack,$12.00,$12.00 per 1ea | Was $20.00
Palmolive Luminous Oils Moroccan Argan Oil & Camellia Shampoo | 700mL,$10.00,$1.43 per 100mL
Coles Eucalyptus Solution 10% | 500mL,$11.50,$2.30 per 100mL
Strepfen Intensive Sugar Free Orange Lozenges | 16 pack,$10.00,$0.63 per 1ea
Tena Womens Pants Low Waist Noir Large | 9 each,$12.32,$1.37 per 1ea | Was $17.60
Sanofi Glycerine - Softens Rough Skin | 200mL,$9.30,$4.65 per 100mL
Naturopathica Curcumax Daily Care 3100mg Tablets | 80 pack,$12.50,$0.16 per 1ea | Was $25.00
Simple Kind To Skin Soothing Facial Toner | 200mL,$11.50,$5.75 per 100mL
Simple Daily Skin Detox Purifying Facial Cleanser | 150mL,$11.50,$7.67 per 100mL
Simple Kind To Skin Light Moisturiser | 125mL,$11.50,$9.20 per 100mL
Compeed Blister High Heel Patches | 6 pack,$12.50,$2.08 per 1ea | Was $18.00
Essano Daily Cleaning Balm | 50mL,$12.50,$25.00 per 100mL | Was $25.00
Sensodyne Coolmint Mouthwash | 500mL,$9.00,$1.80 per 100mL
Clairol Root Touch Up Colour Blending Gel Light Brown | 45mL,$12.60,$2.80 per 10mL | Was $18.00
Skyn Vibe Ring | 1 each,$10.00,$10.00 per 1ea
Zena Smooth Conditioner | 300mL,$20.00,$6.67 per 100mL
Mitchum Mens Clinical Cool Fresh Gel | 57g,$10.00,$175.44 per 100g
Garnier Fructis Style Manga Head Explosive Extreme Putty | 150mL,$11.00,$7.33 per 100mL
Lady Jayne Brush Wet Tanglepro | 1 pack,$13.15,$13.15 per 1ea | Was $23.30
Scholl Callus Removal Pads | 4 pack,$11.00,$2.75 per 1ea
Scholl Corn Removal Pads | 9 pack,$10.00,$10.00 per 1ea
Anusol Ointment | 50g,$10.30,$20.60 per 100g
L'Oreal Elvive Treatment Extraordinary Coconut Oil | 100mL,$13.20,$13.20 per 100mL | Was $22.00
Dominate Sculpting Paste | 100g,$13.00,$13.00 per 100g
Nexcare Acne Absorbing Covers | 36 pack,$10.00,$0.28 per 1ea
Nad's For Men Hair Removal Cream | 200mL,$11.00,$5.50 per 100mL
Natures Commonscents Goats Milk & Paw Paw Moisturising Lotion | 200mL,$10.00,$5.00 per 100mL
Pro:Voke Touch Of Silver Intensive Brightening Shampoo | 200mL,$13.00,$6.50 per 100mL
Provoke Touch Of Silver Toning Treatment Mask | 200mL,$13.00,$6.50 per 100mL
Thursday Plantation Oil Lavender 100%  | 50mL,$13.50,$27.00 per 100mL | Was $18.00
Klorane Nettle Dry Shampoo | 150mL,$13.50,$9.00 per 100mL | Was $17.00
Schwarzkopf Got2b Beach Matt Texturizing Salt Spray | 200mL,$14.00,$7.00 per 100mL
Schwarzkopf Got2B Dry Shampoo Fresh It Up Volume | 200mL,$14.00,$7.00 per 100mL
Schwarzkopf Got2b Guardian Angel Heat Protection Spray | 200mL,$14.00,$7.00 per 100mL
,$13.60,$1.70 per 1ea | Was $17.00
Depend Real Fit Night Defence Incontinence Underwear Men Large | 3 each,$13.60,$4.53 per 1ea | Was $17.00
Grow Thicker Fuller Conditioner | 250mL,$15.00,$6.00 per 100mL
Biotene Dry Mouth Mouthwash | 235mL,$9.50,$4.04 per 100mL
Sukin Rosehip Hydrating Day Cream | 120mL,$14.00,$11.67 per 100mL | Was $28.00
Lifespace Urogen For Women | 40 pack,$14.00,$35.00 per 100ea | Was $28.00
U by Kotex Thinx Period Underwear Black Bikini Size 12 | 1 each,$14.00,$14.00 per 1ea | Was $20.00
Rimmel Lasting Finish Foundation Ivory #100 | 30mL,$14.00,$4.67 per 10mL | Was $24.00
Biore Nose + Face Deep Cleansing Pore Strips | 14 pack,$11.00,$0.79 per 1ea
Hask Argan Oil Shampoo | 355mL,$17.00,$4.79 per 100mL
Hask 5in1 Leave-in Spray Keratin Smoothing | 175mL,$17.00,$9.71 per 100mL
Rimmel Volume Thrill Seeker Mascara Black | 8mL,$14.40,$180.00 per 100mL | Was $24.00
Garnier Pure Face Wash Deep Pore | 150mL,$13.50,$9.00 per 100mL
Garnier Fructis Sleek & Shine Flat Iron Spray | 177mL,$11.00,$6.21 per 100mL
Schick Hydro 5 Sense Sensitive Refills | 4 pack,$14.50,$3.63 per 1ea | Was $29.00
Herbal Essences Potent Aloe Mango Shampoo | 600mL,$14.50,$2.42 per 100mL | Was $29.00
Herbal Potent Aloe Eucalyptus Conditioner | 600mL,$14.50,$2.42 per 100mL | Was $29.00
Maybelline Matte Maker Powder 30 Natural Beige | 16g,$13.00,$8.13 per 10g
Veet In Shower Sensitive Hair Removal Cream | 150g,$14.00,$9.33 per 100g
Tom Organic Maternity Pads | 12 pack,$8.80,$0.73 per 1ea | Was $9.50 on Nov 2022
Strepsils Sugar Free Strawberry Lozenges | 36 pack,$12.00,$0.33 per 1ea
Gillette Labs Shave Gel | 198mL,$12.00,$6.06 per 100mL
Tresemme Repair & Protect Shampoo | 675mL,$13.00,$1.93 per 100mL
Tresemme Keratin Smooth Conditioner | 675mL,$13.00,$1.93 per 100mL
Tresemme Botanique Restore & Shine Conditioner | 675mL,$13.00,$1.93 per 100mL
Tresemme Colour Shineplex Shampoo | 675mL,$13.00,$1.93 per 100mL
Tresemme Pro Pure Shampoo Damage Protect | 675mL,$13.00,$1.93 per 100mL
Tresemme Pro Pure Conditioner Damage Protect | 675mL,$13.00,$1.93 per 100mL
Nivea Naturally Good Night Cream Regenerating | 50mL,$12.00,$24.00 per 100mL
Sunsilk Soft & Smooth Conditioner | 700mL,$12.00,$1.71 per 100mL
Sukin Purely Ageless Rejuvenating Day Cream | 120mL,$15.00,$12.50 per 100mL | Was $30.00
Kynd Collagen Complete+ | 30 pack,$15.00,| Was $30.00
Centrum Mind & Memory Capsules | 50 pack,$15.00,$0.30 per 1ea | Was $30.00
Centrum Collagen Boost & Glow Tablets | 50 pack,$15.00,$0.30 per 1ea | Was $30.00
Ultra Life Echinacea | 90 pack,$15.00,$0.17 per 1ea | Was $30.00
Essano Vitamin C Facial Oil | 20mL,$15.00,$75.00 per 100mL | Was $30.00
Woodsman Skincare For Men Face Wash Oily Combination Skin  | 200mL,$15.00,$7.50 per 100mL
Kynd Beauty Sleep Collagen Tablets | 30 pack,$15.00,$0.50 per 1ea | Was $30.00
Haircarebear Collagen Gummies | 50 pack,$15.00,$0.30 per 1ea | Was $30.00
Ultra Life Collagen | 90 pack,$15.00,$0.17 per 1ea | Was $30.00
Centrum Blends Vision & Eye Health | 50 pack,$15.00,$0.30 per 1ea | Was $30.00
Lynx Deodorant Aerosol Black | 250mL,$11.50,$4.60 per 100mL
Nature's Own Iron Plus Tablets | 50 pack,$12.50,$0.25 per 1ea
Blackmores Vitamin B12 Energy Support Tablets | 75 pack,$14.50,$0.19 per 1ea
Barber & Co. Paste Styler | 95g,$15.00,$15.79 per 100g
Barber & Co. Hard Pomade | 95g,$15.00,$15.79 per 100g
L'oreal Paris Perfect Slim Intense Black Superliner | 1.2mL,$15.60,$130.00 per 10mL | Was $26.00
Sally Hansen Miracle Gel Regal Rose Nail Polish | 14.7mL,$17.00,$11.56 per 10mL
Cancer Council SPF 50+ Face Day Wear Moisturiser Matte Invisible | 75mL,$14.50,$19.33 per 100mL
White Glo Professional Choice Tablets | 60 pack,$12.00,$0.20 per 1ea
Garnier Fructis Hair Food Macadamia Conditioner | 350mL,$12.00,$3.43 per 100mL
Epzen Magnesium Bath Crystals Sleep | 900g,$13.00,$1.44 per 100g
Sally Hansen Clip 'N Catch Nail Clippers | 1 pack,$13.00,$13.00 per 1ea
L'Oreal C'Est Magic BB Cream 04 Medium Dark | 30mL,$16.20,$5.40 per 10mL | Was $27.00
Olay Regenerist Cream Night Revitalising | 50g,$16.25,$32.50 per 100g | Was $32.50
Thursday Plantation Tea Tree Medicated Acne Gel | 25g,$13.00,$52.00 per 100g
Olay Total Effect Moisturiser Normal | 50g,$16.50,$33.00 per 100g | Was $33.00
Sukin Hydrating Conditioner | 500mL,$19.00,$3.80 per 100mL
Sukin Haircare Sensitive Micellar Shampoo | 500mL,$19.00,$3.80 per 100mL
Schwarzkopf Live Colour Permanent 7.1 Medium Ash Blonde | 1 pack,$15.00,$15.00 per 1ea
Cedel Dark Dry Shampoo | 387mL,$10.00,$2.58 per 100mL
Herbal Essences Bio Renew Coconut Milk Shampoo | 600mL,$18.00,$3.00 per 100mL
Lady Jayne Salon Professional Radial Porcupine Small Brush | 1 each,$17.40,$17.40 per 1ea | Was $30.70
Vicks Extra Strong Lemon Menthol Lozengers | 36 pack,$16.00,$0.44 per 1ea
Eco Tools Bioblender #3175 | 1 pack,$14.95,$14.95 per 1ea
Olay Regenerist Cleansing Device Megasonic | 1 pack,$17.50,$17.50 per 1ea | Was $35.00
Sup Shots Double Strength Collagen 50mL | 8 pack,$17.50,$2.19 per 1ea | Was $35.00
Eureka Eucalyptus Water Soluble Solution | 500mL,$12.00,$2.40 per 100mL | Was $12.50 on Jul 2022
Dove Women Clinical Protection Aerosol Original Clean Antiperspirant | 180mL,$11.00,$6.11 per 100mL
Hask Keratin Shampoo | 355mL,$17.00,$4.79 per 100mL
Hask Argan Oil Conditioner | 355mL,$17.00,$4.79 per 100mL
Pantene Micellar Water Conditioner | 530mL,$18.00,$3.40 per 100mL
Pantene  Micellar Rose Water Shampoo | 530mL,$18.00,$3.40 per 100mL
Benefiber Natural Fibre Supplement | 155g,$12.00,$7.74 per 100g
Sukin Volumising Thickening Spritz Spray | 125mL,$16.00,$12.80 per 100mL
Otrivin Breathe Clean Nasal Spray | 50mL,$11.00,$22.00 per 100mL
,$19.00,$2.00 per 100mL
Schwarzkopf Extra Care Colour Perfector Protecting Shampoo | 950mL,$19.00,$2.00 per 100mL
Lemsip Cold & Flu Max | 10 pack,$13.00,$1.30 per 1ea
Nivea Wonderbar Anti Pimple Face Cleansing | 75g,$13.50,$18.00 per 100g
Schwarzkopf Extra Care Daily Oil Elixir Treatment | 100mL,$17.00,$17.00 per 100mL
Schwarzkopf Root Retoucher Spray Dark Blonde | 70g,$18.00,$25.71 per 100g
Monday Volume Shampoo | 800mL,$20.00,$2.50 per 100mL
Monday Smooth Shampoo | 800mL,$20.00,$2.50 per 100mL
Ethical Zinc SPF 50+ Natural Clear Zinc Sunscreen | 100g,$20.00,$20.00 per 100g
Just For Men Moustache & Beard In Colour Dark Brown | 68g,$14.00,$20.59 per 100g
Vaseline Colloidal Oatmeal Soothing Body Lotion | 550mL,$15.00,$2.73 per 100mL
Cenovis Zinc Plus Tablets For Wellbeing + Skin Health | 150 pack,$13.00,$8.67 per 100ea
Sukin Deep Cleanse Conditioner | 500mL,$19.00,$3.80 per 100mL
Schwarzkopf Brilliance L43 Smouldering Red | 1 pack,$18.00,$18.00 per 1ea
Bach Rescue Remedy Cranberry Pastilles | 50g,$13.00,$26.00 per 100g
Pantene Long & Strong Conditioner | 900mL,$19.00,$2.11 per 100mL
Gillette Mach3 3D Turbo Razor | 1 each,$16.00,$16.00 per 1ea
Nature's Way Kids Gummies Immunity | 60 each,$16.50,$0.28 per 1ea
Nature's Way Kids Smart Vita Gummies Calcium | 60 pack,$16.50,$0.28 per 1ea
Veet Natural In Shower Hair Removal Cream | 150mL,$12.00,$8.00 per 100mL
Fisiocrem Solugel | 120g,$20.00,$16.67 per 100g | Was $25.00
Oral B Vitality Ecobox 3D White Electric Toothbrush | 1 pack,$20.00,$20.00 per 1ea | Was $50.00
Oral B Vitality Frozen + Star Wars Electric Toothbrush | 1 pack,$20.00,$20.00 per 1ea | Was $50.00
Betadine Sore Throat Lozenges Anaesthetic Berry | 36 pack,$15.00,$0.42 per 1ea
Floradix Liquid Herbal Iron Extract | 250mL,$20.00,$8.00 per 100mL | Was $27.00
Gillette Venus Sensitive Disposable | 6 pack,$19.00,$3.17 per 1ea
Garnier Micellar Water Delicate Eyes | 400mL,$16.00,$4.00 per 100mL
Garnier Fructis Nutri-Repair 3 Triple Nutrition Marvelous Oil | 150mL,$14.00,$9.33 per 100mL
L'Oreal True Match Liquid Foundation Creamy Beige | 30mL,$20.40,$6.80 per 10mL | Was $34.00
L'Oreal True Match Liquid Foundation Linen | 30mL,$20.40,$6.80 per 10mL | Was $34.00
L'Oreal True Match Liquid Foundation W3 Golden Beige | 30mL,$20.40,$6.80 per 10mL | Was $34.00
Schwarzkopf Extra Care Bio-Tech Restore Oil | 80mL,$21.00,$26.25 per 100mL
,$23.00,$5.97 per 100mL
,$23.00,$5.97 per 100mL
,$25.00,$6.49 per 100mL
Nature's Own Hair Skin & Nails  Tablets | 50 pack,$15.00,$0.30 per 1ea
Neutrogena Hydro Boost Hyaluronic Acid Cleanser Water Gel | 145g,$20.00,$13.79 per 100g
Modibodi Mid Rise Period Brief Moderate Heavy Size 10 | 1 pack,$19.00,$19.00 per 1ea
John Frieda Sheer Blonde Conditioner Go Blonder | 245mL,$18.00,$7.35 per 100mL
Maybelline Unstoppable Liner 701 Onyx | 0.28g,$18.00,$642.86 per 10g
Cancer Council Face Day Wear Fluid Invisible SPF 50+ | 50mL,$18.50,$37.00 per 100mL
Comvita Olive Leaf Extract Natural | 500mL,$21.00,$4.20 per 100mL | Was $32.50
Thankyou Botanical Geranium & Rosewood Bath & Body Oil | 100mL,$15.00,$15.00 per 100mL
Toni & Guy Cleanse Fine Hair Shampoo | 250mL,$19.00,$7.60 per 100mL
Toni & Guy Casual Sea Salt Texturising Spray | 200mL,$19.00,$9.50 per 100mL
Toni & Guy Strengthplex Bond Repair Hair Mask | 285mL,$19.00,$6.67 per 100mL
Toni & Guy Shampoo Scalp Care | 250mL,$19.00,$7.60 per 100mL
Toni & Guy Conditioner Scalp Care | 250mL,$19.00,$7.60 per 100mL
Toni & Guy Treatment Scalp Care Scrub | 175mL,$19.00,$10.86 per 100mL
Monday Conditioner Moisture | 800mL,$20.00,$2.50 per 100mL
Monday Conditioner Gentle | 800mL,$20.00,$2.50 per 100mL
Betadine Sore Throat Lozenges Anaesthetic Honey & Lemon | 36 pack,$15.00,$0.42 per 1ea
Dove Clinical Protect Cream Womens | 45mL,$13.00,$28.89 per 100mL
Aveeno Daily Moisturising Oil Mist | 200mL,$18.00,$9.00 per 100mL
Garnier Fructis Colour Last Conditioner For Coloured Hair | 850mL,$16.00,$1.88 per 100mL
Garnier Fructis Normal Conditioner | 850mL,$16.00,$1.88 per 100mL
Garnier Green Labs Pore Perfecting 3 In 1 | 130mL,$15.00,$11.54 per 100mL
Cenovis Ginkgo Biloba 2000 Memory Support Tablets | 100 pack,$16.95,$0.17 per 1ea
Garnier Cocoa  Body Superfood | 380mL,$15.00,$3.95 per 100mL
Garnier Watermelon Body Superfood | 380mL,$15.00,$3.95 per 100mL
Nature's Own Magnesium Chelate 500mg Muscle Health Capsules | 75 pack,$13.00,$17.33 per 100ea
Maybelline Hyper Sharp Black Wing Liquid Liner | 0.55mL,$19.00,$345.45 per 10mL
Cenovis Men's Multivitamin Capsules Multi For Energy | 50 pack,$17.00,$34.00 per 100ea
Cenovis Echinacea 5000 Capsules For Immune Support | 60 pack,$16.40,$0.27 per 1ea
Ogx Nourishing + Hydrating Coconut Milk Conditioner For Dry Hair | 384mL,$23.00,$5.97 per 100mL
,$26.00,$6.75 per 100mL
Nature's Way Multi Vitamin With Antioxidants Tablets | 200 pack,$16.30,$0.08 per 1ea
John Frieda Frizz Ease Secret Weapon Finishing Creme | 113g,$18.00,$15.93 per 100g
Covergirl Clump Crusher Mascara 810 Black Brown | 13.1mL,$21.00,$16.03 per 10mL
Murine Eye Mist | 15mL,$14.00,$93.34 per 100mL | Was $18.50 on Aug 2022
Schwarzkopf Extra Care 6 Miracles Oil Treatment | 100mL,$20.00,$20.00 per 100mL
Bondi Sands Hydra UV Protect SPF 50+ Body Lotion | 150mL,$18.00,$12.00 per 100mL
Bondi Sands  Hydra UV Protect SPF 50+ Spray | 150mL,$18.00,$12.00 per 100mL
Metamucil Orange Smooth Daily Fibre Supplement 48 Doses | 283g,$18.50,$6.54 per 100g
Banana Boat SPF 50+ Dry Balance Lotion | 175mL,$18.00,$10.29 per 100mL
Veet Sensitive Wax Strips | 40 pack,$15.00,$0.38 per 1ea
Maybelline Volume Express Colossal Glam Black | 9.2mL,$21.00,$22.83 per 10mL
Maybelline Volume Express Colossal Classic Black | 9.2mL,$21.00,$22.83 per 10mL
John Frieda Volume Lift Weightless Shampoo | 250mL,$18.00,$7.20 per 100mL
John Frieda Frizz Ease Miraculous Recovery Shampoo | 250mL,$18.00,$7.20 per 100mL
John Frieda Violet Crush Purple Toning Mask | 177mL,$18.00,$10.17 per 100mL
Cancer Council SPF 50+ Kids Sunscreen | 250mL,$19.50,$7.80 per 100mL
L'Oreal Paris Elvive Conditioner Dream Lengths | 700mL,$11.00,$1.57 per 100mL
L'Oreal Paris Elvive Shampoo Extraordinary Oil | 700mL,$11.00,$1.57 per 100mL
DermaVeen Everyday Soap Free Wash | 500mL,$17.00,$3.40 per 100mL
Loreal Magic Retouch Spray Golden Brown | 75mL,$18.00,$24.00 per 100mL
Nivea Sun SPF 50+ Protect & Moisturise Lotion | 200mL,$17.00,$8.50 per 100mL
Maybelline Colossal Big Shot Volume Express Blackest Mascara | 9.7mL,$21.00,$21.65 per 10mL
L'Oreal Casting Creme Gloss Darkest Brown Hair Colour | 1 each,$20.00,$20.00 per 1ea
L'Oreal Casting Creme Gloss Medium Brown Hair Colour | 1 each,$20.00,$20.00 per 1ea
L'Oreal Casting Creme Gloss Chocolate Hair Colour | 1 each,$20.00,$20.00 per 1ea
Nivea Men Moisturiser Sensitive Pro Anti Skin Stress | 75mL,$18.00,$24.00 per 100mL
Olay Regenerist Whip UV SPF 30 Active Moisturiser | 50g,$24.50,$49.00 per 100g | Was $49.00
Olay Regenerist Micro Sculpting Face Cream | 50g,$24.50,$49.00 per 100g
Garnier BB Cream Anti Age Medium | 50mL,$17.00,$34.00 per 100mL
L'oreal Revitalift Filler Hyaluronic Acid Eye Make Up Remover | 125mL,$16.95,$13.56 per 100mL
Revlon Kiss Glow Berry Brilliant Lip Oil | 6mL,$20.00,$33.33 per 10mL
Smile Hero Purple Toothpaste Toner | 60g,$19.00,$31.67 per 100g
Blackmores Bio C 500mg Vitamin C Chewables | 125 pack,$19.00,$0.15 per 1ea
Dermaveen Intensive Moisturising Cream | 450g,$19.00,$4.22 per 100g
Gillette Mach3 Turbo Razor Cartridge | 4 pack,$20.00,
,$23.00,$5.97 per 100mL
Surf Life Saving SPF50+ Sunscreen | 1L,$25.00,$2.50 per 100mL
Le Tan Ultra Dark Self Tanning Foam | 200mL,$20.00,$10.00 per 100mL
Pain Away Tube Ultra | 125mL,$24.00,$19.20 per 100g
,$30.00,$30.00 per 100mL
Maybelline Tattoo Studio Liquid Black Eye Liner | 2.5mL,$24.00,$96.00 per 10mL
Nature's Way Sleeping Tablets | 60 pack,$20.00,$0.33 per 1ea
Nature's Way Super Foods Collagen + Turmeric 71g | 60 pack,$21.00,$0.35 per 1ea
Nature's Way Hair Growth Support + Biotin & Silicon | 30 pack,$20.00,$0.67 per 1ea
Nature's Way Apple Cider Vinegar Gummmies | 65 pack,$21.00,$0.32 per 1ea
Nature's Way Hair Growth Gummies | 40 pack,$22.00,$0.55 per 1ea
Sambucol Cold & Flu+ Pain Relief | 24 pack,$20.00,$0.83 per 1ea
Maybelline Tattoo Brow Pencil 255 Soft Brown | 0.73g,$24.00,$328.81 per 10g
Bear And Bristle Clipper Hair & Beard | 1 each,$35.00,$35.00 per 1ea
Bonds Bloody Comfy Period Full Brief Heavy Size 14 | 1 pack,$25.00,$25.00 per 1ea
Tena Washable Mens Boxer Size Medium | 1 pack,$28.00,$28.00 per 1ea | Was $40.00
Bonds Bloody Comfy Period Full Brief Heavy Size 16 | 1 pack,$25.00,$25.00 per 1ea
Gillette Proglide Flexball Razor Handle +2 Blade | 1 pack,$24.50,$24.50 per 1ea
Nature's Way Vita Gummies Daily Fibre Vitamins | 110 pack,$23.00,$0.21 per 1ea
Nature's Way Vita Gummies Immune Support Tablets | 65 pack,$20.00,$0.31 per 1ea
Bondi Sands Pure Concentrated Self Tan Drops | 40mL,$23.00,$57.50 per 100mL
Revlon Colorstay Brow Pencil Fiber Filler Dark Brown | 6.8mL,$23.00,$33.82 per 10mL
L'Oreal Preference 74 Dublin Hair Colour | 1 pack,$24.00,$24.00 per 1ea
L'Oreal Preference 5.23 Chocolate Rose | 1 pack,$24.00,$24.00 per 1ea
L'Oreal Preference Ultra Platinum 9L | 1 pack,$24.00,$24.00 per 1ea
L'Oreal Preference 5 Bruges Hair Colour | 1 pack,$24.00,$24.00 per 1ea
Pentavite Oral Liquid Multivitamins with Iron | 200mL,$21.00,$10.50 per 100mL
L'Oreal Men Expert Barber Club 3-In-1 Wash | 200mL,$20.00,$10.00 per 100mL
L'Oreal Dermo Expertise Wrinkle Expert  Night 55 Plus | 50mL,$18.00,$36.00 per 100mL | Was $24.00 on Jul 2022
Swisse Kids Gummies Immune Health | 60 pack,$11.40,$0.19 per 1ea | Was $19.00 on Sep 2022
Swisse Kids Gummies Probiotic & Prebiotic | 45 pack,$11.40,$0.25 per 1ea | Was $19.00 on Sep 2022
Nivea Q10 Plus Eye Cream Anti Wrinkle | 15mL,$26.00,$173.34 per 100mL
Olay Regenerist Retinol 24 Night Eye Cream | 15mL,$30.00,$200.01 per 100mL | Was $60.00
Olay Regenerist Collagen Peptide 24 Face Serum | 30mL,$30.00,$100.00 per 100mL
Olay Luminous Niacinamide + AHA Cream | 50g,$30.00,$60.00 per 100g | Was $60.00
Olay Luminous Niacinamide + AHA Serum | 30mL,$30.00,$100.00 per 100mL | Was $60.00
Gillette Fusion Proshield Flexball Razor Handle +2 Blade | 1 pack,$26.50,$26.50 per 1ea
Bondi Sands Aero Liquid Gold Foam | 225mL,$25.00,$11.11 per 100mL
Eco Tools Start The Day Beautiful Kit | 1 pack,$31.90,$31.90 per 1ea
Toni & Guy Conditioner Strengthplex | 600mL,$30.00,$5.00 per 100mL
Nivea Q10 Power Day Cream Mature SPF15 | 50mL,$28.00,$56.00 per 100mL
Metamucil Sugar Free Lemon Lime Fibre Supplement Powder 72 Doses | 425g,$28.00,$6.59 per 100g
Quit Nits Complete Head Lice Kit | 325mL,$23.50,$7.23 per 100mL
Cancer Council SPF 50+ Ultra Pump Sunscreen | 500mL,$29.00,$5.80 per 100mL
Cancer Council SPF 50+ Work Pump Sunscreen | 500mL,$29.00,$5.80 per 100mL
Nivea Q10 Power Facial Oil Mature | 30mL,$25.00,$83.34 per 100mL
Nature's Way Magnesium Chelate 1000mg Tablets | 100 pack,$26.00,$0.26 per 1ea
Nature's Way Mature Skin Gummies | 40 pack,$26.00,$0.65 per 1ea
L'Oreal Paris Excellence 7.3 Dark Golden Blonde Hair Colour | 1 pack,$24.00,$24.00 per 1ea
L'Oreal Paris Excellence 8 Blonde Hair Colour | 1 pack,$24.00,$24.00 per 1ea
L'Oreal Paris Excellence 2 Black Brown Hair Colour | 1 pack,$24.00,$24.00 per 1ea
L'Oreal Paris Excellence 5.3 Golden Brown Hair Colour | 1 pack,$24.00,$24.00 per 1ea
L'Oreal Excellence Very Light Blonde 10 | 1 pack,$20.00,$20.00 per 1ea
Cenovis Women's Multivitamin Capsules Multi For Energy | 100 pack,$18.00,$18.00 per 100ea | Was $24.00 on Oct 2022
Cenovis 50+ Multivitamin Capsules Multi For Energy | 100 pack,$18.00,$18.00 per 100ea | Was $24.00 on Oct 2022
Swisse Ultiboost Sleep Tablets | 60 pack,$27.00,$45.00 per 100ea
L'Oreal Preference Vivids 5.664 Cherry Red | 1 pack,$24.00,$24.00 per 1ea
L'Oreal Preference Vivids 10.112 Silver Grey | 1 pack,$24.00,$24.00 per 1ea
L'Oreal Preference Vivids 1.102 Blue Black | 1 pack,$24.00,$24.00 per 1ea
Invisible Zinc 4Hr Water Resistant SPF 50+ | 100mL,$29.00,$29.00 per 100mL
Blackmores Pregnancy & Breastfeeding Gold Capsules | 60 pack,$25.00,$41.67 per 100ea
Blackmores Executive B Stress Support Tablets | 62 pack,$27.00,$43.55 per 100ea
Naturopathica Gastro Health Probiotic Dairy Free Capsules | 30 pack,$20.00,$66.67 per 100ea | Was $29.50 on Jul 2022
L'Oreal Excellence Cools Ultra Ash Blonde 7.11 | 1 pack,$24.00,$24.00 per 1ea
Swisse Beauty Hair Skin & Nails Gummies | 50 pack,$15.00,$0.30 per 1ea | Was $25.00 on Sep 2022
Swisse Beauty Collagen Glow Gummies | 45 pack,$15.00,$0.33 per 1ea | Was $25.00 on Sep 2022
L'Oreal Excellence Dark Golden Brown 4.3 | 1 pack,$24.00,$24.00 per 1ea
Swisse Ultiboost Vitamin C Effervescent Tablets | 60 pack,$33.00,$0.55 per 1ea
Swisse Ultiboost Magnesium Calcium + D3 120 Tablets | 1 pack,$28.00,$28.00 per 1ea
Nature's Way Restore 30 Billion Daily Probiotic Capsules | 30 pack,$28.00,$0.93 per 1ea
Nature'S Way Beauty Collagen Tablets | 60 pack,$30.00,$50.00 per 100ea
Gillette Mach3 Turbo 3D Razor Cartridge | 8 pack,$26.50,$3.31 per 1ea
Smile Hero Whitening Strips  | 10 pack,$35.00,$3.50 per 1ea
Gillette Sensor Excel Razor Cartridge | 10 pack,$30.00,$3.00 per 1ea
Fisiocrem Solugel | 250g,$39.50,$15.80 per 100g
Gillette Labs Razor Blades Refills | 4 pack,$35.00,$8.75 per 1ea
Neutrogena Bright Boost Glycolic Acid Illuminating Serum | 30mL,$40.00,$13.33 per 10mL
Cenovis Women's Multivitamin + Energy Boost Multi Capsules | 100 pack,$32.00,$0.32 per 1ea
Thompson's One-a-day Ginkgo Biloba 6000mg Capsules | 60 pack,$37.00,$61.67 per 100g
L'Oreal Age Perfect Day Cream | 50mL,$37.00,$74.00 per 100mL
L'Oreal Age Perfect Night Cream | 50mL,$37.00,$74.00 per 100mL
L'Oreal Revitalift Eye Plenitude Cream | 15mL,$37.00,$246.68 per 100mL
Oral B Pro 800 Cross Action Electric Toothbrush | 1 pack,$50.00,$50.00 per 1ea | Was $100.00
L'Oreal Age Perfect Nutrition Day Cream | 50mL,$40.00,$80.00 per 100mL
L'Oreal Revitalift Classic Fragrance Free Day Moisturiser | 50mL,$35.00,$70.00 per 100mL
Nature's Way Magnesium + Turmeric Tablets | 150 pack,$38.00,$0.25 per 1ea
L'Oreal Age Perfect Gold Age Day Cream | 50mL,$40.00,$80.00 per 100mL
White Glo Plus Professional Results Kit | 1 each,$39.50,$39.50 per 1ea
Flawless Brows | 1 each,$50.00,$50.00 per 1ea
L'Oreal Age Perfect Golden Age Rosy Day Cream SPF15 | 50mL,$40.00,$80.00 per 100mL
Nature's Way Fish Oil 1500mg Capsules | 400 pack,$44.00,$0.11 per 1ea
Clearblue Advanced Digital Ovulation Test Dual Hormone | 10 pack,$59.00,$5.90 per 1ea
Nicorette Quit Smoking Extra Strength Nicotine Gum Icy Mint | 150 pack,$49.99,$0.33 per 1ea
Natures Way Beauty Collagen | 120 pack,$50.00,$41.67 per 100ea
L'Oreal Paris Revitalift Filler Replumping Eye Cream | 15mL,$50.00,$333.36 per 100mL
L'Oreal  Revitalift Filler Serum | 30mL,$55.00,$183.34 per 100mL
L'Oreal Revitalift Laser X3 Night Cream | 50mL,$50.00,$100.00 per 100mL
Nicabate Extra Fresh Mint Nicotine Chewing Gum 2mg | 200 pack,$44.00,$0.22 per 1ea | Was $49.00 on Nov 2022
Swisse Ultivite Men's 50+ Multivitamin Tablets | 60 pack,$36.00,$60.00 per 100ea
Gillette Labs Razor Kit With 4 Blades | 1 pack,$55.00,$55.00 per 1ea
Oral B Smart 1 Electric Toothbrush | 1 pack,$75.00,$75.00 per 1ea | Was $150.00
Smile Hero Teeth Whitening Kit | 1 each,$49.00,$49.00 per 1ea
Braun 310 Face & Head Trimming Kit 6 In 1 | 1 pack,$99.00,$99.00 per 1ea
Swisse Ultiboost Glucosamine Sulfate Tablets | 180 pack,$44.00,$0.24 per 1ea
L'Oreal Preference 5.21 Florence Hair Colour | 1 pack,$24.00,$24.00 per 1ea
Palmolive Shower Gel Body Butter Heavenly Vanilla | 750mL,$11.00,$1.47 per 100mL
Thankyou Rosewood & Geranium Body Wash | 500mL,$8.00,$1.60 per 100mL
Maybelline Instant Age Rewind Eraser Dark Circles Light | 6mL,$21.00,$35.00 per 10mL
Durex Regular Condoms Original | 10 pack,$6.50,$0.65 per 1ea
Durex Pleasure Me Condoms | 30 pack,$15.00,$0.50 per 1ea | Was $17.00 on Oct 2018
Garnier Fructis Colour Last Conditioner | 315mL,$7.50,$2.38 per 100mL
Garnier Fructis Full & Luscious Conditioner | 315mL,$7.50,$2.38 per 100mL
Garnier Fructis Colour Last Shampoo For Coloured Hair | 850mL,$16.00,$1.88 per 100mL
Garnier Fructis Full & Luscious Conditioner | 850mL,$16.00,$1.88 per 100mL
,$12.00,$14.12 per 100g
Dermaveen Foaming Facial Cleanser | 125mL,$12.00,$9.60 per 100mL
Life-Space Probiotic Powder For Children | 40g,$28.00,$70.00 per 100g
Nature's Way Magnesium Sleep Tablets | 60 pack,$27.50,$0.46 per 1ea
Pantene  Micellar Rose Water Conditioner | 530mL,$18.00,$3.40 per 100mL
Bosisto's Sweet Almond Body Oil | 100mL,$8.00,$8.00 per 100mL
Sambucol KIDS IMMUNITY GUMMIES | 50 pack,$12.95,$0.26 per 1ea
Zyrtec Hayfever Rapid Acting Antihistamine & Allergy Mini Tablets | 1 pack,$7.00,$7.00 per 1ea
Schwarzkopf Colour Specialist 5.0 Light Natural Brown | 1 pack,$20.00,$20.00 per 1ea
Thank You Antibacterial Grapefruit Hand Sanitiser | 300mL,$9.95,$3.32 per 100mL
Hydrlyte Effervescent Tablets Lemon Lime | 40 pack,$23.00,$0.58 per 1ea
Elastoplast Sensitive Xl Dressings | 5 pack,$6.60,$1.32 per 1ea
Difflam Plus Anaesthetic Sore Throat Spray | 30mL,$19.00,$63.34 per 100mL
Nature's Way Kids Smart Gummies Iron + Vitamin | 60 pack,$16.50,$0.28 per 1ea
Bosisto's Tea Tree Oil | 50mL,$15.00,$30.00 per 100mL
Hask 5 In 1 Leave-In Spray Curl Care | 175mL,$17.00,$9.71 per 100mL
Glow Lab Shampoo Repairing | 600mL,$33.00,$5.50 per 100mL
Glow Lab Conditioner Repairing | 300mL,$20.00,$6.67 per 100mL
Veet Pure Cold Leg Wax Strips | 40 pack,$19.00,$0.48 per 1ea
Norsca Natural Deodorant Citrus Fresh Roll On | 50mL,$8.00,$16.00 per 100mL
Colgate 360 Charcoal Soft Toothbrush | 3 pack,$12.00,$4.00 per 1ea
Oral B Cross Action Black Electric Brush Replacement Head | 3 pack,$25.50,$5.10 per 1ea
Gc Tooth Mousse Mint | 40g,$30.00,$75.00 per 100g
John Frieda Extra Strength Serum | 50mL,$18.00,$36.00 per 100mL
Breathe Right Nasal Strips | 30 pack,$33.50,$1.12 per 1ea
Nexcare Cushioned Waterproof Adhesive Pads | 4 pack,$12.00,$3.00 per 1ea
Clear Blue Visual Rapid Detection Pregnancy Test | 5 pack,$26.50,$5.30 per 1ea
Ultra Life Effervescent Multivitamin Orange Tablets | 20 pack,$9.00,$0.45 per 1ea
Always Discreet Pads Normal Value | 30 pack,$20.50,$0.68 per 1ea
Original Source Body Wash Lime | 500mL,$8.00,$1.60 per 100mL
Glow Lab Hand Wash Refill Coconut & Spiced Fig | 900mL,$18.00,$2.00 per 100mL
Glow Lab Hand Wash Refill Antibacterial Lemongrass & Vetiver | 900mL,$18.00,$2.00 per 100mL
Cancer Council Everyday Sunscreen SPF50 | 1L,$32.00,$3.20 per 100mL
Schwarzkopf Live Colour Pastels Cool Grey | 75mL,$14.00,$18.67 per 100mL
Schwarzkopf Live Colour Ultra Brights Shocking Pink | 75mL,$14.00,$18.67 per 100mL
Clairol Nice'N Easy 5G Medium Gold | 1 pack,$9.70,$9.70 per 1ea | Was $14.00 on Oct 2022
KOi Calming Lavender & Ylang Ylang Body Wash | 500mL,$8.00,$1.60 per 100mL
Clairol Nice'N Easy 5Rb Medum Chestnut | 1 pack,$9.70,$9.70 per 1ea | Was $14.00 on Oct 2022
Clairol Nice'N Easy 7CB Cool Blonde | 1 pack,$9.70,$9.70 per 1ea | Was $14.00 on Oct 2022
Cancer Council Serum SPF50+ | 50mL,$23.00,$46.00 per 100mL
Australian Botanical Soap Goats Milk & Raspberry | 200g,$4.00,$2.00 per 100g
John Frieda Frizz Ease Original Serum | 50mL,$18.00,$36.00 per 100mL
Blackmores Multivitamin + Antioxidants Sustained Release Tablets | 125g,$40.00,$32.00 per 100g
Blackmores Curcumin | 30 pack,$26.00,$0.87 per 1ea
Natures Way Kids Burst Triple Strength Dha | 50 pack,$20.00,$0.40 per 1ea
Swisse Gummies Apple Cider Vinegar + Fibre | 45 pack,$15.00,$0.33 per 1ea | Was $25.00 on Sep 2022
Natures Way Gummies Ashwagandha | 50 pack,$30.00,$0.60 per 1ea
Gillette Venus Smooth Sensitive Razor Blades Refill | 4 pack,$23.49,$5.87 per 1ea
Natures Way Odourless Fish Oil 100Mg | 450 pack,$38.00,$8.44 per 100ea
Le Tan Tanning Mitt | 1 each,$10.00,$10.00 per 1ea
Gillette Venus Deluxe Smooth Sensitive Blades | 4 pack,$23.49,$5.87 per 1ea
Quick Screen Facial Sunscreen Spray SPF50+ | 90mL,$40.00,$44.44 per 100mL
Bondi Sands Skincare Gold'N Hour Vitamin C Serum | 30mL,$18.00,$60.00 per 100mL
Bondi Sands Skincare Thirsty Skin Hyaluronic Acid Serum | 30mL,$16.00,$53.34 per 100mL
Nudy Rudy Hand Wash Sea Salt Suds | 500mL,$10.00,$2.00 per 100mL
Skin Republic Ceramide Sheet Mask | 1 each,$8.00,$8.00 per 1ea
L'Oreal Men Expert Magnesium Defence Shower Gel | 300mL,$5.95,$1.98 per 100mL
Aveeno Daily Moisturising Lotion | 71mL,$6.50,$9.16 per 100mL
Turning Point 2 in 1 Normal Shampoo & Conditioner | 400mL,$2.85,$0.71 per 100mL
Herbal Essences Colour Me Happy Conditioner | 300mL,$7.00,$2.33 per 100mL
Neutrogena Deep Clean Foaming Face Cleanser | 175g,$20.00,$11.43 per 100g
Coles Square Tip Tweezer | 1 pack,$3.90,$3.90 per 1ea
Coles Elastomer Ponytailer | 50 pack,$4.50,$0.09 per 1ea
Coles Tortoiseshell IBIS Clips | 2 pack,$4.50,$2.25 per 1ea
Coles Large Hair Clip | 3 pack,$5.00,$1.67 per 1ea
Cottons Organic Long Panty Liners | 32 pack,$3.25,$0.10 per 1ea
Neue.Lab Conditioner Classic Car | 400mL,$3.00,$0.75 per 100mL
Palmer's Coconut Travel Lotion | 50mL,$3.00,$6.00 per 100mL
Coles Pot Nail Polish Remover | 75mL,$7.00,$9.33 per 100mL
Coles Soothing After Sun Gel Aloe Vera | 200mL,$4.00,$2.00 per 100mL
Coles Pro Total Care Mouthwash | 500mL,$4.00,
U By Kotex Eco Super Pads | 10 pack,$3.92,$0.39 per 1ea | Was $5.60
Coles Multi Angle Medium Toothbrushes | 6 pack,$4.50,$0.75 per 1ea
Schick Xtreme 3 Eco Disposable Razors | 6 pack,$4.25,$0.71 per 1ea | Was $8.50
Anihana Soap Bar Peach & Honey | 100g,$4.00,$4.00 per 100g
Libra Cotton Liners | 28 pack,$4.40,$0.16 per 1ea | Was $5.50
Libra Cotton Tampons Super | 16 pack,$4.40,$0.28 per 1ea | Was $5.50
Mitchum Natural Power Eucalyptus | 40g,$4.50,$11.25 per 100g | Was $7.50
Sunsilk Sunsilk Shampoo Clean & Fresh | 350mL,$4.55,$1.30 per 100mL | Was $6.50
﻿Palmer's Cocoa Butter Lip Balm Stick | 4g,$4.00,$10.00 per 10g
Anihana Shower Steamer Lavender | 50g,$5.00,$10.00 per 100g
Voost Performance Effervescent Vitamin B+ Tablets | 20 pack,$5.40,$27.00 per 100ea | Was $9.00
KOi Neroli & Clary Sage Hand Cream | 100mL,$8.00,$8.00 per 100mL
Olay Sheet Mask Luminous Niacinamide + Vitamin C | 1 each,$5.50,$5.50 per 1ea | Was $11.00
Moments Ultra Thin Regular Extra Lubricated Condoms | 12 pack,$7.00,$0.58 per 1ea
Coles Mens Triple Blade Disposable Razors | 8 pack,$4.40,$0.55 per 1ea
Dove Men+Care Antiperspirant Roll On Men Eucalyptus + Birch | 50mL,$4.50,$9.00 per 100mL
Dettol Australian Heartland Collection Hand Soap Grapefruit & Citrus | 500mL,$6.00,$1.20 per 100mL | Was $10.00
Rocc Naturals River Mint + Green Tea Toothpaste | 100g,$6.00,$6.00 per 100g
Rocc Naturals Whitening Minerals With Fluoride | 100g,$6.00,$6.00 per 100g
Beach Road Natural Lavender & Camomile Extract Castile Body Wash | 500mL,$6.00,$1.20 per 100mL | Was $10.00
Brite Semi Permanent Silver Hair Colour | 75mL,$6.00,$8.00 per 100mL | Was $10.00
Brite Semi Permanent Rose Hair Colour | 75mL,$6.00,$8.00 per 100mL | Was $10.00
Dettol Aus Heartland Hands For Good Cedarwood Vanilla Handwash | 500mL,$6.00,$1.20 per 100mL | Was $10.00
Four Seasons Naked Larger Condoms | 12 pack,$7.00,$0.58 per 1ea
Four Seasons Naked King Size Condoms | 12 pack,$7.00,$0.58 per 1ea
John Frieda Frizz Ease Secret Weapon | 30mL,$5.00,$16.67 per 100mL
Schick Hydro 3 Razor Kit | 1 pack,$6.50,$6.50 per 1ea | Was $13.00
Coles Sea Salt Spray | 250mL,$6.00,$2.40 per 100mL
Toni & Guy Shampoo Purple | 50mL,$5.00,$10.00 per 100mL
Toni & Guy Strengthplex Shampoo | 50mL,$5.00,$10.00 per 100mL
Marzena Natural Facial Wax Strips | 20 pack,$6.75,$0.34 per 1ea
Coles Blister Plastics 44x69mm | 5 pack,$9.00,$1.80 per 1ea
Steradent For Dentures Toothpaste | 115g,$4.95,$4.30 per 100g
Manicare Gold Tip Flat Tweezer | 1 pack,$6.96,$6.96 per 1ea | Was $11.60
Scunci No Damage Elastics Value Pack | 60 pack,$7.00,$0.12 per 1ea | Was $10.00
Booby Tape Nipple Covers 5 Pairs | 5 each,$7.00,$1.40 per 1ea | Was $14.00
Audiplugs Soft Foam Comfort & Sleep | 4 pack,$8.50,$2.13 per 1ea
Clearasil 5 In 1 Pimple Fighter Face Wash | 150mL,$7.25,$4.83 per 100mL | Was $14.50
Schick Intuition Sensitive Blade | 3 pack,$7.25,$2.42 per 1ea | Was $14.50
Coles Brush Cleaning Pad | 1 pack,$10.00,$10.00 per 1ea
Pro:Voke Touch Of Silver Colour Care Conditioner | 400mL,$7.50,$1.88 per 100mL | Was $10.00
No Pong Deodorant All Natural Cream Vegan | 35g,$7.50,$21.43 per 100g | Was $10.00
Schmidt's Deodorant Aerosol Sandalwood & Citrus | 115mL,$7.70,$6.70 per 100mL | Was $11.00
Luca Hand Sanitiser | 500mL,$14.00,$2.80 per 100mL
Head & Shoulders Supreme Scalp Moisture & Smooth Conditioner | 400mL,$8.00,$2.00 per 100mL | Was $16.00
Eureka Lavender Water Soluble Solution | 100mL,$8.00,$8.00 per 100mL | Was $9.80
Essano Argan Oil Nourishing Conditioner | 300mL,$8.00,$2.67 per 100mL | Was $16.00
Colgate Bamboo Charcoal Soft Toothbrush | 2 pack,$8.00,$4.00 per 1ea | Was $10.00
Beach Road Naturals Bar Conditioner Hemp See Oil & Juniper Berry | 70g,$8.00,$11.43 per 100g | Was $14.00
People Smooth Shampoo | 350mL,$8.00,$2.29 per 100mL | Was $16.00
People Smooth Conditioner | 350mL,$8.00,$2.29 per 100mL | Was $16.00
Centrum Kids Chewables Immune Fuel | 50 pack,$8.00,$0.16 per 1ea | Was $16.00
Centrum Kids Chewables Brain Fuel | 50 pack,$8.00,$0.16 per 1ea | Was $16.00
Sukin Teen Skin Cheeky Cleanser | 125mL,$8.00,$6.40 per 100mL | Was $16.00
Eureka Eucalyptus Water Soluble Solution | 200mL,$7.00,$3.50 per 100mL
KOi Argan And Ylang Ylang Body Oil | 100mL,$12.00,$12.00 per 100mL
Clairol Root Touch Up No Ammonia 2 Black | 1 pack,$8.25,$8.25 per 1ea | Was $16.50
Clairol Root Touch Up No Ammonia 4 Dark Brown | 1 pack,$8.25,$8.25 per 1ea | Was $16.50
Impulse Luxe Body Spray Crystal Waterfall | 75mL,$6.50,$8.67 per 100mL
Coles Eucalyptus Oil Spray | 200g,$8.50,$4.25 per 100g
Garnier Ampoule Mask Watermelon | 15g,$7.00,$46.67 per 100g
Pantene 3mm Conditioner Smooth & Sleek | 180mL,$8.00,$4.44 per 100mL
Schwarzkopf Extra Care Colour Perfector Protecting Shampoo | 400mL,$9.00,$2.25 per 100mL
Schwarzkopf Extra Care Liquid Silk Smoothing Conditioner | 400mL,$9.00,$2.25 per 100mL
Schwarzkopf Extra Care Aqua Revive Moisturising Conditioner | 400mL,$9.00,$2.25 per 100mL
Olay Regenerist Cream Cleanser | 100g,$8.75,$8.75 per 100g | Was $17.50
Thank You Botanical Cedarwood Handwash | 250mL,$6.00,$2.40 per 100mL
Dencorub Self Adhesive Medicated Pain Relieving Heat Patches | 3 pack,$8.80,$2.93 per 1ea | Was $11.00
Rimmel BB Cream Light | 30mL,$9.00,$3.00 per 10mL | Was $15.00
Colgate  Pro Clinical 360 Black Refill | 2 pack,$9.00,$4.50 per 1ea
Coles Premium Bath Salts Relax | 800g,$10.00,$1.25 per 100g
Tom Organic Overnight Pads With Organic Cotton | 8 pack,$6.60,$0.83 per 1ea
Vaseline Hair Tonic Hair Preparation For Men | 100mL,$7.20,$7.20 per 100mL
Rimmel Oh My Gloss! Lip Gloss Crystal Clear | 6.5mL,$9.60,$14.77 per 10mL | Was $16.00
Ardell Duo Adhesive Clear | 1 pack,$9.60,$9.60 per 1ea | Was $12.00
Coles Kids Total Power Battery Toothbrush | 1 each,$10.00,
Fast Shaving Gel | 100g,$7.90,$7.90 per 100g
Palmolive Honeysuckle & Lime Hand Sanitiser | 500mL,$9.80,$1.96 per 100mL
Head & Shoulders Supreme Scalp Purify & Volume Conditioner | 550mL,$10.00,$1.82 per 100mL | Was $20.00
Herbal Essences Aloe & Mango Conditioner | 350mL,$10.00,$2.86 per 100mL | Was $20.00
Sup Hair Skin & Nails Gummies | 60 pack,$10.00,$0.17 per 1ea | Was $20.00
Sup Gut Love Gummies | 65 pack,$10.00,$0.15 per 1ea | Was $20.00
Centrum Rest & Renew Capsules | 50 pack,$10.00,$0.20 per 1ea | Was $20.00
Moosehead Defining Paste | 80g,$10.00,$12.50 per 100g | Was $12.50
Vitaceuticals Ferrous Iron + Vit C Capsules | 30 pack,$10.00,$0.33 per 1ea | Was $20.00
Herbal Essences Potent Aloe + Avocado Oil Nourishing Shampoo | 400mL,$10.00,$2.50 per 100mL
Kings Domain Hair Matt Balm | 85g,$10.00,$11.76 per 100g | Was $16.00
Kings Domain Hair Forming Cream | 85g,$10.00,$11.76 per 100g | Was $16.00
Sup Multi Fuel Ignite Train | 60 pack,$10.00,$0.17 per 1ea | Was $20.00
Garnier Fructis Coconut Water Conditioner | 315mL,$7.50,$2.38 per 100mL
Garnier Nutrisse 8.13 Medium Ash Blonde Permanent Hair Colour | 1 pack,$10.20,$10.20 per 1ea | Was $17.00
Rimmel Wonder Ink Eyeliner | 6.8g,$10.20,$15.00 per 10g | Was $17.00
Rimmel Kind & Free Pressed Powder Translucent | 10g,$10.20,$10.20 per 10g | Was $17.00
Garnier Nutrisse 5.25 Frosted Chestnut Permanent Hair Colour | 1 pack,$10.20,$10.20 per 1ea | Was $17.00
Garnier Nutrisse 6 Acorn Permanent Hair Colour | 1 pack,$10.20,$10.20 per 1ea | Was $17.00
Coles Heat Pack Silicone Bead | 1 each,$14.00,$14.00 per 1ea
Maybelline Expression Kajal Black Pencil Liner | 4g,$9.00,$22.50 per 10g
Tresemme Botanique Restore & Shine Shampoo | 350mL,$9.00,$2.57 per 100mL
Face Halo The Modern Makeup Remover | 1pack,$10.40,$10.40 per 1ea | Was $13.00
Gillette Pure Soothing Shave Cream With Aloe | 170g,$8.50,$5.00 per 100g
Gillette Shave Foam Pro Pure Sensitive | 245g,$8.49,$3.47 per 100g
One Of A Kind Face And Body Applicator | 50 pack,$20.00,$0.40 per 1ea
Quit Nits Detangling Spray | 150mL,$10.00,$6.67 per 100mL
Lynx Women Aerosol Anarchy Deodorant | 165mL,$8.00,$4.85 per 100mL
Lynx Aerosol Black Antiperspirant | 165mL,$8.00,$4.85 per 100mL
Eco Tools Classic Foundation | 1 pack,$10.00,$10.00 per 1ea
Thursday Plantation Lavender Spray | 140g,$10.80,$7.71 per 100g | Was $14.50
Rimmel Lasting Radiance Concealer Ivory | 7mL,$10.80,$15.43 per 10mL | Was $18.00
Sukin Signature Moisture Restoring Night Cream | 120mL,$11.00,$9.17 per 100mL | Was $22.00
Bosisto's Sleep Aroma Mist Oil | 125mL,$10.00,$8.00 per 100mL
Rimmel Volume On Demand Waterproof Mascara #001 Black | 12mL,$11.40,$9.50 per 10mL | Was $19.00
Coles Gua Sha | 1 pack,$15.00,$15.00 per 1ea
Durex Invisible Ultra Thin Condoms | 10 pack,$9.00,$0.90 per 1ea | Was $10.99 on Feb 2021
LPO Lpo Purify Micellar Water  | 400mL,$13.00,$3.25 per 100mL
Herbal Essences Classic Replenishing Conditioner | 490mL,$10.00,$2.04 per 100mL
Nair Sensitive Wax Strips Large | 40 pack,$12.00,$0.30 per 1ea | Was $15.00
Schwarzkopf Silver Toner  Live Colour | 1 pack,$12.00,$12.00 per 1ea | Was $14.00
Rimmel Kind & Free Black Mascara | 8.4mL,$12.00,$14.29 per 10mL | Was $20.00
Rimmel Kind & Free Brown Mascara | 8.4mL,$12.00,$14.29 per 10mL | Was $20.00
Rimmel Kind & Free Foundation Rose Vanilla | 30mL,$12.00,$4.00 per 10mL | Was $20.00
Rimmel Kind & Free Foundation Vanilla | 30mL,$12.00,$4.00 per 10mL | Was $20.00
Rimmel Kind & Free Foundation Classic Beige | 30mL,$12.00,$4.00 per 10mL | Was $20.00
Schwarzkopf Extra Care Keratin Volume Foam | 150mL,$12.00,$8.00 per 100mL | Was $13.00
Epzen Dream Bubble Natural Aromatic Bathing Bubbles | 500mL,$12.00,$2.40 per 100mL | Was $15.00
Garnier Olia B+++ Max Bleach | 1 pack,$12.00,$12.00 per 1ea | Was $20.00
Batiste Dry Shampoo Naturally Bamboo & Gardenia | 200mL,$12.00,$6.00 per 100mL | Was $15.00
Garnier Olia Hair Colour 7.0 Dark Blonde | 1 pack,$12.00,$12.00 per 1ea | Was $20.00
Garnier Olia Hair Colour 6.66 Very Light Intense Red | 1 pack,$12.00,$12.00 per 1ea | Was $20.00
Sambucol Kids Soothing Throat Pops | 8 pack,$9.00,$1.13 per 1ea
Palmolive Luminous Oils Moroccan Argan Oil & Camellia Conditioner | 700mL,$10.00,$1.43 per 100mL
Goats Milk Roll On Deodorant | 100mL,$9.00,$9.00 per 100mL
Bulldog Original Face Wash Skincare For Men | 150mL,$11.50,$7.67 per 100mL
Bulldog Original Face Scrub Skincare For Men | 125mL,$11.50,$9.20 per 100mL
Pyrenel Head Lice Foam | 100mL,$9.00,$9.00 per 100mL
The Iron Co Gummies + Vitamin C | 30 pack,$12.50,$0.42 per 1ea | Was $25.00
Rimmel Match Perfection Foundation Ivory #100 | 30mL,$12.60,$4.20 per 10mL | Was $21.00
Rimmel Match Perfection Foundation Soft Beige 200 | 30mL,$12.60,$4.20 per 10mL | Was $21.00
Zena Repair Shampoo | 300mL,$20.00,$6.67 per 100mL
Zena Volume Conditioner | 300mL,$20.00,$6.67 per 100mL
Garnier Fructis Style Surf Hair Styling Paste | 150mL,$11.00,$7.33 per 100mL
Johnson's Body Care Extra Rich Moisturising Cream Body Wash | 1L,$13.00,$1.30 per 100mL
Radox Detoxed Bath Salts | 900g,$10.40,$1.16 per 100g
Rimmel Wonder Extension Very Black Mascara | 11mL,$13.20,$12.00 per 10mL | Was $22.00
L'Oreal Paris Elvive Dream Lengths Frizz Killer | 100mL,$13.20,$13.20 per 100mL | Was $22.00
Dominate Original Wax | 95g,$13.00,$13.68 per 100g
Dominate Out Of Bed Clay | 100g,$13.00,$13.00 per 100g
Zena Treatment Repair Mask | 150mL,$20.00,$13.33 per 100mL
Zena Treatment Smooth Oil | 100mL,$20.00,$20.00 per 100mL
Sukin Certified Organic Rose Hip Oil | 25mL,$13.50,$54.00 per 100mL | Was $27.00
Essano Collagen Boost Eye Creme | 10g,$13.50,$13.50 per 10g | Was $27.00
Essano Collagen Boost Facial Oil | 20mL,$13.50,$67.50 per 100mL | Was $27.00
Klorane Oat Milk Tinted Dry Shampoo | 150mL,$13.50,$9.00 per 100mL | Was $17.00
Klorane Dry Shampoo Detox Mint | 150mL,$13.50,$9.00 per 100mL | Was $17.00
Schwarzkopf Got2b Extra Fresh It Up Dry Shampoo | 200mL,$14.00,$7.00 per 100mL
Epzen Calm Cleanse Hydrating Body Wash | 750mL,$13.60,$1.81 per 100mL | Was $17.00
Zena Volume Shampoo | 300mL,$20.00,$6.67 per 100mL
Bexters Soda Crystals | 800g,$10.00,$1.25 per 100g
Grow Longer Stronger Shampoo | 250mL,$15.00,$6.00 per 100mL
Grow Longer Stronger Conditioner | 250mL,$15.00,$6.00 per 100mL
L'Oreal Brow Artist Xpert Ebony Brow Pencil | 3g,$13.80,$4.60 per 1g | Was $23.00
L'Oreal Paris Voluminous Mascara | 6.4mL,$13.80,$21.56 per 10mL | Was $23.00
Anihana Shampoo Bar Manuka Honey & Almond | 65g,$14.00,$21.54 per 100g
Anihana Conditioner Bar Manuka Honey & Vanilla | 60g,$14.00,$23.33 per 100g
Sukin Rosehip Oil Enriching Night Cream | 120mL,$14.00,$11.67 per 100mL | Was $28.00
Tigi Bed Head Leave In Ego Boost Split Conditioner | 237mL,$14.00,$5.91 per 100mL | Was $20.00
Sukin Purely Ageless Intensive Firming Serum | 30mL,$14.00,$46.67 per 100mL | Was $28.00
Tigi Bed Head Shampoo Urban Antidotes L2 Recovery | 300mL,$14.00,$4.67 per 100mL | Was $20.00
Tigi L2 Recovery Bed Head Conditioner | 300mL,$14.00,$4.67 per 100mL | Was $20.00
Betadine Antiseptic First Aid Cream | 20g,$11.50,$57.50 per 100g
Le Tan Uber Glow Gradual Tan | 250mL,$17.00,$6.80 per 100mL
Cedar & Stone Electric Feel Hand Wash | 500mL,$16.00,$3.20 per 100mL
Cedar & Stone Good As New Body Wash | 500mL,$16.00,$3.20 per 100mL
Hask Keratin Protein Smoothing Conditioner | 355mL,$17.00,$4.79 per 100mL
Hask Monoi Coconut Oil 5 In 1 Leave In Spray | 175mL,$17.00,$9.71 per 100mL
Nature's Own Folic Acid 500mg Tablets | 120 pack,$12.00,$0.10 per 1ea
Tom's Of Maine Antiperspirant Men'S North Woods | 79g,$9.00,$11.39 per 100g
L'Oreal Paris Infallible Gel Autoliner Intense Black | 5g,$14.40,$28.80 per 10g | Was $24.00
Brite White Toner | 1 pack,$14.40,$14.40 per 1ea | Was $18.00
Sukin Facial Cleanser For Men | 225mL,$16.00,$7.11 per 100mL
Herbal Essences Potent Aloe Mango Conditioner | 600mL,$14.50,$2.42 per 100mL | Was $29.00
Swisse Ultiboost Vitamin D Capsules | 60 pack,$11.50,$0.19 per 1ea
Alpecin Hybrid Caffeine Shampoo Dry & Itchy Scalp | 250mL,$13.00,$5.20 per 100mL
Tresemme Repair & Protect Conditioner | 675mL,$13.00,$1.93 per 100mL
Tresemme Pro Pure Shampoo Radiant Colour | 675mL,$13.00,$1.93 per 100mL
Tresemme Pro Pure Shampoo Airlight Volume | 675mL,$13.00,$1.93 per 100mL
Nivea Naturally Good Wash Gel Micellar | 140mL,$12.00,$8.57 per 100mL
Quit Nits Head Lice Removal Kit Comb Twin Pack | 2 pack,$14.00,$7.00 per 1ea
Sunsilk Soft & Smooth Shampoo | 700mL,$12.00,$1.71 per 100mL
Cancer Council Face Day Wear Matte Invisible SPF 50+ | 75mL,$14.50,$19.33 per 100mL
Bosisto's Tea Tree Spray | 1 pack,$13.00,$10.40 per 100g
Sunsilk Sunsilk Shampoo Clean & Fresh | 700mL,$12.00,$1.71 per 100mL
Kynd Glow Hair Skin & Nails | 30 pack,$15.00,| Was $30.00
Libra Underwear Hipster Small | 1 each,$15.00,$15.00 per 1ea | Was $25.00
Libra Underwear Hipster Medium | 1 each,$15.00,$15.00 per 1ea | Was $25.00
Libra Underwear Hipster Large | 1 each,$15.00,$15.00 per 1ea | Was $25.00
Centrum Immune Defence & Recovery | 50 pack,$15.00,$0.30 per 1ea | Was $30.00
Libra Period Proof Bikini Briefs Size M | 1 each,$15.00,$15.00 per 1ea | Was $25.00
Libra Period Proof Bikini Briefs Size L | 1 each,$15.00,$15.00 per 1ea | Was $25.00
Ultra Life Sleep | 90 pack,$15.00,$0.17 per 1ea | Was $30.00
Ultra Life Liver Support | 120 pack,$15.00,$0.13 per 1ea | Was $30.00
Centrum Blends Moods & Immune Support | 50 pack,$15.00,$0.30 per 1ea | Was $30.00
Lynx Antiperspirant Deodorant Black | 250mL,$11.50,$4.60 per 100mL
Blackmores Lyp-Sine Cold Sore Relief Tablets | 30 pack,$9.00,$30.00 per 100ea | Was $12.00 on Nov 2022
Fiji Kava Noble Root Powder | 50g,$16.00,$32.00 per 100g
L'Oreal Paris Paradise Mascara Waterproof | 6.4mL,$15.50,$24.22 per 10mL | Was $26.00
Scholl Gel Protector Toe & Finger | 1 pack,$13.00,$13.00 per 1ea
Polident Whitening Daily Cleanser For Denture | 66 pack,$10.00,$0.15 per 1ea
Sally Hansen Miracle Gel #244 Mauve-Olous Nail Polish | 14.7mL,$17.00,$11.56 per 10mL
Sally Hansen Miracle Gel Red Eye Nail Polish | 14.7mL,$17.00,$11.56 per 10mL
Grow Thicker Fuller Volumising | 25g,$17.00,$68.00 per 100g
Sally Hansen Miracle Gel 3.0 Top Coat Nail Polish | 14.7mL,$17.00,$11.56 per 10mL
Bosisto's Sleep Pure Essential Oil | 15mL,$17.00,$113.34 per 100mL
Eylure Naturalites Intense Lashes | 1 each,$15.00,$15.00 per 1ea
Garnier Fructis Watermelon Shampoo | 350mL,$12.00,$3.43 per 100mL
Epzen Magnesium Bath Crystals Soothe | 900g,$13.00,$1.44 per 100g
Thursday Plantation Tea Tree & Manuka Healing Balm | 30g,$13.00,$43.33 per 100g
L'Oreal C'Est Magic BB Cream Medium Light | 30mL,$16.20,$5.40 per 10mL | Was $27.00
Sunsilk Conditioner Summer Care | 700mL,$12.00,$1.71 per 100mL
Schwarzkopf Nordic L1+ Extreme Lightener | 1 pack,$15.00,$15.00 per 1ea
Schwarzkopf Nordic L1++ Ultimate Lightener | 1 pack,$15.00,$15.00 per 1ea
Just For Men Light Brown Hair Colour | 100g,$14.00,$14.00 per 100g
Olay Total Effects Cream Touch Of Foundation | 50g,$16.50,$33.00 per 100g | Was $33.00
Sukin Invigorating Body Scrub Tube | 200mL,$14.95,$7.48 per 100mL
Sukin For Men Beard Oil | 50mL,$14.95,$29.90 per 100mL
Sukin Haircare Sensitive Micellar Conditioner | 500mL,$19.00,$3.80 per 100mL
Tresemme Pro Pure Conditioner Airlight Volume | 675mL,$13.00,$1.93 per 100mL
Schwarzkopf Live Colour Permanent Pink Passion | 1 pack,$15.00,$15.00 per 1ea
Lady Jayne Salon Professional Detangle Paddle & Finish Brush | 1 each,$16.80,$16.80 per 1ea | Was $29.80
L'Oreal Paris Volume Million Lashes Mascara Black | 9mL,$16.80,$18.67 per 10mL | Was $28.00
L'Oreal Volume Million Lashes Waterproof Mascara | 10mL,$16.80,$16.80 per 10mL | Was $28.00
Covergirl Clean Fresh Pressed Powder Translucent | 10g,$19.00,$19.00 per 10g
Herbal Essences Bio Renew Argan Oil Of Morocco Repair Shampoo | 600mL,$18.00,$3.00 per 100mL
Herbal Essences Bio Renew Argan Oil Of Morocco Repair Conditioner | 600mL,$18.00,$3.00 per 100mL
Surf Life Saving Sport Sunscreen Tube SPF50+ | 200mL,$16.50,$8.25 per 100mL
Eco Tools Deep Cleansing Facial Brush #7466 | 1 pack,$14.95,$14.95 per 1ea
Canesten Anti-Fungal Athlete's Foot Tinea Pedis Cream | 50g,$14.00,$28.00 per 100g
,$10.00,$22.22 per 100g
L'Oreal Paris C'Est Magic Cc Cream 01 Anti-Redness | 30mL,$17.40,$5.80 per 10mL | Was $29.00
Olay Regenerist Serum Revitalising Fragrance Free | 50mL,$17.50,$35.00 per 100mL | Was $35.00
U by Kotex Thinx Period Underwear Ruby High Waisted Size 10 | 1 pack,$17.50,$17.50 per 1ea | Was $25.00
Bondi Sands Fragrance Free Face Fluid SPF50+ | 50mL,$16.00,$32.00 per 100mL
KOi For Men Razor Kit | 1 each,$20.00,$20.00 per 1ea | Was $23.50 on Dec 2022
Sukin Signature Cleansing Hand Wash Pump | 1L,$13.00,$1.30 per 100mL
Covergirl Clean Fresh Skin Milk Foundation Fair/Light | 30mL,$21.00,$7.00 per 10mL
L'Oreal Paris False Lash Telescopic Magnetic Black | 9mL,$18.00,$20.00 per 10mL | Was $30.00
Coles Assure Reusable Incontinence Midi Brief Black Size 12 | 1 each,$18.00,$18.00 per 1ea
Tena Washable Womens Classic Brief Size M | 1 pack,$18.00,$18.00 per 1ea | Was $30.00
Tena Washable Womens Classic Brief Size L | 1 pack,$18.00,$18.00 per 1ea | Was $30.00
Maybelline Fit Me Matte + Poreless Classic Ivory Powder | 8.5g,$19.00,$22.35 per 10g
Schwarzkopf Extra Care Colour Perfector Protecting Conditioner | 950mL,$19.00,$2.00 per 100mL
,$19.00,$2.00 per 100mL
Bio Specialist Skincare Oil | 125mL,$18.20,$14.56 per 100mL | Was $26.00
Nyal Cold & Flu Fighter Day & Night Tablets | 24 pack,$13.00,$0.54 per 1ea
Ostelin Calcium & Vitamin D Tablets W. D3 For Bone Health | 60 pack,$16.70,$0.28 per 1ea
Sally Hansen Complete Care 7 In 1 Nail Treatment | 13.3mL,$20.00,$15.04 per 10mL
Schwarzkopf Root Retoucher Spray Dark Brown | 70g,$18.00,$25.71 per 100g
Mentholatum Ice Spray | 150mL,$13.25,$8.83 per 100mL
Clear Blue Digital Early Detection Pregnancy Test | 1 pack,$19.00,$19.00 per 1ea
Oil Garden Headache | 12mL,$17.00,$141.67 per 100mL
Nyal Cough Cold & Flu Tablets | 24 pack,$14.00,$0.58 per 1ea
Scholl Velvet Smooth Ultra Coarse | 1 pack,$15.00,$15.00 per 1ea
Scholl Velvet Smooth Extra Coarse Single Refill | 1 pack,$15.00,$15.00 per 1ea
Schwarzkopf Brilliance 43 Red Passion | 1 pack,$18.00,$18.00 per 1ea
Schwarzkopf Brilliance 91 Blue Black | 1 pack,$18.00,$18.00 per 1ea
Schwarzkopf Brilliance 90 Black | 1 pack,$18.00,$18.00 per 1ea
Schwarzkopf Brilliance 46 Coffee Brown | 1 pack,$18.00,$18.00 per 1ea
Schwarzkopf Brilliance 88 Dark Brown Allure | 1 pack,$18.00,$18.00 per 1ea
Rescue Pastilles Blackcurrant | 50g,$13.00,$26.00 per 100g
Nad's Facial Wand Eyebrow Shaper | 1 each,$15.00,$250.04 per 100g
Maybelline Dream Fresh BB Cream Light | 30mL,$17.00,$5.67 per 10mL
Maybelline Dream Fresh BB Cream Medium | 30mL,$17.00,$5.67 per 10mL
Maybelline Brow Ultra Slim Blonde Eyebrow Pencil | 8.3g,$17.00,$20.48 per 10g
Brauer Sleep & Insomnia Relief Tablets | 60 pack,$17.50,$0.29 per 1ea
VS Sassoon Ceramic Curler | 1 pack,$19.50,$19.50 per 1ea | Was $26.00
Grant's Liquid Chlorophyll | 500mL,$14.50,$2.90 per 100mL
Veet Sensitive Spray On Hair Removal Cream Aloe Vera & Vitamin E | 150g,$15.00,$10.00 per 100g
Wart-Off Wart Remover Stick | 5g,$14.00,$280.00 per 100g
L'Oreal Pro XXL Xtension Black Mascara | 12mL,$19.80,$165.00 per 100mL | Was $33.00
L'Oreal Pro XXL Lift Black Mascara | 12mL,$19.80,$165.00 per 100mL | Was $33.00
Scholl Waterproof Wart Remover | 15 pack,$15.95,$15.95 per 1ea
Olay Regenerist Miracle Boost Youth Pre-Essence | 40mL,$20.00,$50.00 per 100mL | Was $40.00
Schick Hydro 5 Razor Kit Groomer Value Pack | 5 pack,$20.00,$4.00 per 1ea | Was $40.00
Oral B Vitality Ecobox Cross Action Electric Toothbrush | 1 pack,$20.00,$20.00 per 1ea | Was $50.00
Life Botanics Metabolism + Sugar Support | 60 pack,$20.00,$0.33 per 1ea | Was $40.00
Life Botanics Libido + Energy | 60 pack,$20.00,$0.33 per 1ea | Was $40.00
Life Botanics Marine Collagen Unflavoured Powder | 150g,$20.00,$13.33 per 100g
Renovatio An Apple A Day Activated Phenolics Antioxidants | 30 pack,$20.30,$0.68 per 1ea | Was $29.00
L'Oreal True Match Liquid Foundation W1 Golden Ivory | 30mL,$20.40,$6.80 per 10mL | Was $34.00
Gillette Venus Smooth Women's Razor Blade | 4 pack,$16.00,$4.00 per 1ea
Schwarzkopf Colour Specialist 5.65 Chocolate Brown Hair Colour | 1 pack,$20.00,$20.00 per 1ea
Schwarzkopf Colour Specialist Imperial Brown 3.0 Hair Colour | 1 pack,$20.00,$20.00 per 1ea
Ogx Quenching + Coconut Curls Shampoo For Curly Hair | 385mL,$23.00,$5.97 per 100mL
Ogx Quenching + Coconut Curls Conditioner For Curly Hair | 385mL,$23.00,$5.97 per 100mL
,$25.00,$6.49 per 100mL
,$30.00,$30.00 per 100mL
Gillette Venus Skin Smoothing Exfoliant Pubic Hair & Skin | 177mL,$21.50,$12.15 per 100mL
Maui Shea Butter Shampoo | 385mL,$26.00,$6.75 per 100mL
Maui Shea Butter Conditioner | 385mL,$26.00,$6.75 per 100mL
Modibodi Mid Rise Period Brief Moderate Heavy Size 8 | 1 pack,$19.00,$19.00 per 1ea
Modibodi Mid Rise Period Brief Moderate Heavy Size 12 | 1 pack,$19.00,$19.00 per 1ea
Modibodi Mid Rise Period Brief Moderate Heavy Size 14 | 1 pack,$19.00,$19.00 per 1ea
Modibodi Mid Rise Period Brief Moderate Heavy Size 16 | 1 pack,$19.00,$19.00 per 1ea
John Frieda Brilliant Brunette Moisturising Conditioner | 250mL,$18.00,$7.20 per 100mL
John Frieda Sheer Blonde Shampoo Go Blonder | 245mL,$18.00,$7.35 per 100mL
Modibodi Mid-Rise Period Brief Light Moderate Size 10 | 1 pack,$19.00,$19.00 per 1ea
Modibodi Mid-Rise Period Brief Light Moderate Size 12 | 1 pack,$19.00,$19.00 per 1ea
Skyn Excite Gel For Her | 15mL,$15.00,$100.01 per 100mL
Swisse Ultiboost Odorless Wild Fish Oil 1000mg Capsules | 400 pack,$33.00,$8.25 per 100ea
Toni & Guy Nourish Fine Hair Conditioner | 250mL,$19.00,$7.60 per 100mL
Gillette Venus Extra Smooth Women's Razor +2 Blade | 1 pack,$17.50,$17.50 per 1ea
Thank You BotanicalCedarwood Clay Body Scrub | 200g,$14.95,$7.48 per 100g
DermaVeen Sensitive Relief Eczema Lotion | 250mL,$15.00,$6.00 per 100mL
Ease A Cold Kids Cold And Flu Chewable Tablets | 24 pack,$15.00,$0.63 per 1ea
Schwarzkopf Extra Care Restoring Argan Oil | 100mL,$22.00,$22.00 per 100mL
Sudafed Pe Sinus + Pain Relief Tablets | 20 pack,$16.00,$0.80 per 1ea
Sudafed PE Sinus Pain Relief + Anti Inflammatory Double Action Tablets | 20 pack,$16.50,$0.83 per 1ea
Difflam Sore Throat Spray Forte | 15mL,$16.00,$106.67 per 100mL
Garnier Fructis Coconut Water Conditioner | 850mL,$16.00,$1.88 per 100mL
Schwarzkopf Colour Specialist 4-13 Dark Cool Brown | 1 pack,$20.00,$20.00 per 1ea
Maybelline Color Sensational Made For All Lipstick Pink | 4.2g,$21.00,$50.00 per 10g
Toni & Guy Strength Plex Oil Treatment | 80mL,$19.00,$23.75 per 100mL
Maui Oil Mist Coconut Milk Weightless | 125mL,$26.00,$20.80 per 100mL
,$26.00,$6.75 per 100mL
Nature's Way Odourless Fish Oil 1000mg Capsules | 200 pack,$19.00,$0.10 per 1ea
L'Oreal Infallible 24Hr Fresh Wear #140 Golden Beige Foundation | 30mL,$22.20,$7.40 per 10mL | Was $37.00
L'Oreal Infallible 24Hr Fresh Wear #220 Sand Foundation | 30mL,$22.20,$7.40 per 10mL | Was $37.00
Covergirl Lash Blast Volume Very Black Mascara | 13.1mL,$21.00,$16.03 per 10mL
Schwarzkopf Simply Colour 1.0 Natural Black | 1 pack,$20.00,$20.00 per 1ea
Schwarzkopf Simply Colour 7.0 Dark Blonde | 1 pack,$20.00,$20.00 per 1ea
Schwarzkopf Simply Colour 6.0 Light Brown | 1 pack,$20.00,$20.00 per 1ea
Bonds Bloody Comfy Period Bikini Brief Moderate Size 12 | 1 pack,$20.00,$20.00 per 1ea
Bonds Womens Damn Dry Underwear Midi Size 12 | 1 pack,$20.00,$20.00 per 1ea
,$23.00,$13.69 per 100g
Henry Blooms Gut Health Step 1 Cleanse Sachet | 14 pack,$20.00,$1.43 per 1ea
Nature's Own Vitamin B1 250mg Tablets | 75 pack,$18.50,$0.25 per 1ea
Maybelline Fit Me Matte + Poreless Foundation 120 Classic Ivory | 30mL,$26.00,$8.67 per 10mL
Maybelline Fit Me Matte + Poreless Foundation 115 Ivory | 30mL,$26.00,$8.67 per 10mL
Maybelline Fit Me Foundation 120 Classic Ivory | 30mL,$26.00,$8.67 per 10mL
,$25.00,$6.49 per 100mL
,$27.00,$15.25 per 100mL
Covergirl Advance Radiance Pressed Powder Creamy Natural | 13.1mL,$20.00,$15.27 per 10mL
Covergirl Advance Radiance Pressed Powder Natural Beige | 13.1 mL,$20.00,$15.27 per 10mL
Zovirax Cold Sore Cream Tube | 2g,$16.00,$800.00 per 100g
John Frieda Violet Crush Purple Shampoo Intensive Toning | 250mL,$18.00,$7.20 per 100mL
John Frieda Volume Lift Weightless Conditioner | 250mL,$18.00,$7.20 per 100mL
John Frieda Vibrant Shine Shampoo | 250mL,$18.00,$7.20 per 100mL
John Frieda Vibrant Shine Conditioner | 250mL,$18.00,$7.20 per 100mL
John Frieda Vibrant Shine 3-In-1 Shine Spray | 150mL,$18.00,$12.00 per 100mL
John Frieda Frizz Ease Weightless Wonder Creme | 100mL,$18.00,$18.00 per 100mL
John Frieda Violet Crush Purple Shampoo Tone Refresh | 250mL,$18.00,$7.20 per 100mL
John Frieda Sheer Blonde Conditioner Highlight | 250mL,$18.00,$7.20 per 100mL
John Frieda Frizz Ease Dream Curls Hair Spray | 198mL,$18.00,$9.09 per 100mL
L'Oreal Paris Elvive Shampoo Dream Lengths | 700mL,$11.00,$1.57 per 100mL
Sambucol Black Elderberry Cold & Flu Kids Liquid | 120mL,$19.00,$15.83 per 100mL
Le Tan Uber Dark Green Base Tanning Foam | 200mL,$25.00,$12.50 per 100mL
L'Oreal Magic Retouch Blonde | 75mL,$18.00,$24.00 per 100mL
Cenovis Echinacea Garlic Zinc & Vitamin C Tablets | 60 pack,$17.00,$0.28 per 1ea
Naturopathica Horny Goat Weed For Him | 50 pack,$24.00,$0.48 per 1ea | Was $37.00
Gillette Venus Pubic Hair & Skin Blades | 3 pack,$21.00,$7.00 per 1ea
Maybelline Superstay Matte Ink Un Nude Seductress Lipstick | 5mL,$24.00,$48.00 per 10mL
Ogx Extra Strength Frizz-Free + Keratin Oil 5 In 1 Conditioner | 385mL,$25.00,$6.49 per 100mL
L'Oreal Casting Creme Gloss 700 Dark Blonde Hair Colour | 1 pack,$20.00,$20.00 per 1ea
L'Oreal Casting Creme Gloss Amber Hair Colour | 1 each,$20.00,$20.00 per 1ea
Olay Regenerist Luminous Face Cream Moisturiser | 50g,$24.50,$49.00 per 100g | Was $49.00
Olay Eyes Pro-Retinol Eye Treatment | 15mL,$24.50,$163.34 per 100mL | Was $49.00
Olay Eyes Ultimate Eye Cream | 15mL,$24.50,$163.34 per 100mL | Was $49.00
Olay Luminous Whip Face Cream | 50g,$24.50,$49.00 per 100g | Was $49.00
Olay Regenerist Cream Micro Scultping Fragrance Free | 48g,$24.50,$51.04 per 100g | Was $49.00
Quit Nits Rapid Head Lice Lotion | 200mL,$17.00,$8.50 per 100mL
Sukin Natural Balance Scalp Scrub Tube | 200mL,$20.00,$10.00 per 100mL
Sukin Deep Cleanse Purifying Tonic Spray | 125mL,$21.95,$17.56 per 100mL
Blackmores Vitamin E 1000IU Capsules | 30 pack,$18.00,$0.60 per 1ea
Garnier Micellar Ecopads | 3 pack,$17.00,$5.67 per 1ea
Garnier BB Cream Classic Light | 50mL,$16.95,$33.90 per 100mL
L'Oreal Men Expert Hair Colour Dark Brown 03 | 1 pack,$17.00,$17.00 per 1ea
L'Oreal Men Expert Hair Colour Light Brown 05 | 1 pack,$17.00,$17.00 per 1ea
Bondi Sands Gradual Tanning Skin Illuminator | 150mL,$23.00,$15.33 per 100mL
Bondi Sands  One Hour Express Face Mist | 70mL,$20.00,$28.57 per 100mL
Revlon Volumazing Blackest Black Mascara 9mL | 1 pack,$22.00,$22.00 per 1ea
Revlon Kiss Glow Bouncy Beige Lip Oil | 6mL,$20.00,$33.33 per 10mL
Sambucol Cold & Flu Capsules | 24 pack,$19.00,$0.79 per 1ea
Blackmores Bio Magnesium Muscle Health Tablets | 50 pack,$20.00,$40.00 per 100ea
Le Tan SPF 50+ Coconut Lotion | 500mL,$25.00,$5.00 per 100mL
Revolution Hair Plex No.6 Bond Smoother | 100mL,$23.00,$23.00 per 100mL
Clear Blue Digital Early Detection Pregnancy Test | 2 pack,$26.00,$13.00 per 1ea
Ogx Thick & Full + Volumising Biotin & Collagen Shampoo For Fine Hair | 385mL,$23.00,$5.97 per 100mL
,$23.00,$5.97 per 100mL
Always Discreet Underwear Incontinence Super Night Pants M | 1 each,$22.00,$22.00 per 1ea
Cancer Council Mineral CC Cream Light SPF50 | 50g,$21.00,$42.00 per 100g
L'Oreal Men Expert Moisturiser Magnesium Defence | 50mL,$17.00,$34.00 per 100mL
L'Oreal Magic Retouch Precision 3 Brown Concealer | 1 pack,$18.00,$18.00 per 1ea
Maybelline Super Stay Matte Ink Pink Path finder | 5mL,$24.00,$48.00 per 10mL
Nature's Way Magnesium Gel + Arnica For Muscles & Pain | 100g,$20.00,$20.00 per 100g
Nature's Way Beauty Collagen Berry 40 Gummies | 1 pack,$22.00,$22.00 per 1ea
L'Oreal True Match Serum Foundation Light - Medium | 30mL,$27.00,$9.00 per 10mL | Was $45.00
Cenovis Co-Enzyme Q10 150mg Capsules | 30 pack,$22.30,$0.74 per 1ea
,$22.00,$25.88 per 10mL
Garnier BB Cream SPF 50 Even Tone Medium | 50mL,$19.00,$38.00 per 100mL
Olay Mask AHA Vitamin C Resurfacing 2 Step Peel Kit | 1 pack,$27.50,$27.50 per 1ea | Was $55.00
Herron Nicaway Lozenges 4mg | 132 pack,$27.50,$0.21 per 1ea | Was $37.00
Synergy Natural Super Greens | 200g,$20.00,$10.00 per 100g | Was $21.00 on Jul 2021
Centrum Cherry Flavour Kids Incremin Liquid | 200mL,$16.00,$8.00 per 100mL | Was $18.00 on Sep 2021
Swisse Ultiboost High Strength B12 Tablets | 60 pack,$18.00,$0.30 per 1ea
Sukin Hydrating Conditioner | 1L,$23.00,$2.30 per 100mL | Was $32.00 on Nov 2022
Sukin Sensitive Micellar Shampoo | 1L,$23.00,$23.00 per 1L | Was $32.00 on Nov 2022
Bonds Bloody Comfy Period Full Brief Heavy Size 10 | 1 pack,$25.00,$25.00 per 1ea
Bonds Bloody Comfy Period Full Brief Heavy Size 12 | 1 pack,$25.00,$25.00 per 1ea
Vs The Diamond Precision For Men | 1 pack,$20.00,$20.00 per 1ea
Caltrate 1000IU Vitamin D3 180 Liquid Capsules | 1 Pack,$19.00,$10.56 per 100ea
Nature's Way Odourless Fish Oil 1500mg Capsules | 200 pack,$25.00,$0.13 per 1ea
Revlon Colorstay #004 Dark Brown Brow Pencil | 0.35g,$23.00,$657.14 per 10g
Revlon Colorstay Lipliner Nude | 0.28g,$23.00,$821.43 per 10g
L'Oreal Preference 11.21 Moscow Hair Colour | 1 pack,$24.00,$24.00 per 1ea
L'Oreal Preference 4.5 Hair Colour Milan | 1 pack,$24.00,$24.00 per 1ea
L'Oreal Preference 10.21 Stockholm Hair Colour | 1 pack,$24.00,$24.00 per 1ea
L'Oreal Preference California Permanent Hair Colour | 1 pack,$24.00,$24.00 per 1ea
L'Oreal Wrinkle Expert Day Cream 45+ | 50mL,$18.00,$36.00 per 100mL | Was $24.00 on Jul 2022
Smile Hero Teeth Whitening Gel Refill | 1 each,$29.00,$29.00 per 1ea
Olay Regenerist Retinol 24 Night Face Serum | 30mL,$29.50,$98.34 per 100mL | Was $59.00
Blackmores Evening Primrose Oil Skin Capsules | 125 pack,$23.00,$18.40 per 100ea
Revlon Colorstay Eyeliner Black | 0.28g,$24.00,$857.14 per 10g
Revlon Colorstay #002 Black Brown Eyeliner | 0.28g,$24.00,$857.14 per 10g
Olay Luminous Niacinmaide + Hyaluronic Super Serum | 30mL,$30.00,$100.00 per 100mL | Was $60.00
Olay Luminous Niacinamide Super Face Serum | 30mL,$30.00,$100.00 per 100mL | Was $60.00
Olay Luminous Niacinamide + Vitamin C Moisturiser | 50g,$30.00,$60.00 per 100g | Was $60.00
Olay Regenerist Antioxident Cream | 50g,$30.00,$60.00 per 100g | Was $60.00
Olay Regenerist Antioxident Serum | 30mL,$30.00,$100.00 per 100mL
Crampeze Capsules | 60 pack,$19.00,$0.32 per 1ea
Rescue Remedy Drops | 10mL,$20.00,$200.00 per 100mL
Maybelline Dream Radiant Foundation Nude Beige | 30mL,$27.00,$90.00 per 100mL
Maybelline The Falsies Lash Lift Blackest Black Mascara | 9.6mL,$26.00,$27.08 per 10mL
Vicks Fever InSight Thermometer | 1 pack,$26.50,$26.50 per 1ea
Cenovis Mega Vitamin E 500mg Capsules | 250 pack,$39.00,$0.16 per 1ea
Swisse Ultiboost Daily Immune Support | 60 pack,$20.00,$33.33 per 100ea
Covergirl Simply Ageless Foundation Natural Beige | 12g,$27.00,$22.50 per 10g
Revlon Colorstay #001 Addictive Quad Eyeshadow | 4.8g,$27.00,$56.25 per 10g
Revlon Super Lustrous Wine Lipstick | 4.2g,$26.00,$61.91 per 10g
Revlon Super Lustrous Soft Silver Rose Lipstick | 4.2g,$26.00,$61.91 per 10g
Revlon Super Lustrous Rum Raisin Lipstick | 4.2g,$26.00,$61.91 per 10g
Blackmores Tranquil Night Sleep Support Tablets | 60 pack,$26.00,$0.43 per 1ea
Herron Nicaway Mint Chewing gum 2mg | 240 pack,$32.00,$0.13 per 1ea | Was $45.00
Gillette Venus With Olay Comfortglide Sugarberry Wonen'S Razor Blade | 4 pack,$27.00,$6.75 per 1ea
Scott Cornwall Decolour Hair Colour Stripper | 1 pack,$25.00,$25.00 per 1ea
Maybelline Superstay Liquid Foundation Nude Beige | 30mL,$30.00,$10.00 per 10mL
Maybelline Superstay Liquid Foundation Sand | 30mL,$30.00,$10.00 per 10mL
L'Oreal Paris Excellence 8.3 Golden Blonde Hair Colour | 1 pack,$24.00,$24.00 per 1ea
L'Oreal Paris Excellence 9.1 Light Ash Blonde Hair Colour | 1 pack,$24.00,$24.00 per 1ea
L'Oreal Paris Excellence 5.6 Rich Auburn Hair Colour | 1 pack,$24.00,$24.00 per 1ea
Cancer Council SPF 50+ Kids Sunscreen | 500mL,$29.00,$5.80 per 100mL
Nature's Own Mega Magnesium with Vitamin D Tablets | 100 pack,$25.00,$0.25 per 1ea
,$24.00,$9.60 per 100mL
Gillette Skinguard Razor Blades | 4 pack,$32.00,$8.00 per 1ea
Revlon Colorstay Overtime Lipcolor #46 Infinite Raspberry | 2mL,$30.00,$150.00 per 10mL
Oral B Pro100 Gum Care Electric Toothbrush | 1 pack,$35.00,$35.00 per 1ea | Was $80.00
Oral B Pro100 Frozen Or Star Wars Travel Case | 1 pack,$35.00,$35.00 per 1ea | Was $80.00
Oral B Pro 100 Floss Action Electric Toothbrush | 1 pack,$35.00,$35.00 per 1ea | Was $80.00
Natures Way High Strength Gummies Sugar Free Zinc+ | 60 pack,$25.00,$0.42 per 1ea
L'Oreal Preference Vivids 4.261 Dark Purple | 1 pack,$24.00,$24.00 per 1ea
L'Oreal Preference Vivids 8.624 Bright Red | 1 pack,$24.00,$24.00 per 1ea
Scholl Wart & Verruca Freeze Remover Kit | 1 pack,$30.00,$30.00 per 1ea
Scholl Eulactol Foot Care Gold Heel Balm | 200g,$28.00,$14.00 per 100g
Bondi Sands Aero Ultra Dark | 225mL,$27.00,$12.00 per 100mL
King C Gillette Double Edge Razor + 5Ct | 1 each,$30.00,$30.00 per 1ea
Naturopathica Gastro Health Daily Care Probiotic 15B Capsules | 30 Pack,$20.00,$0.67 per 1ea | Was $29.50 on Jul 2022
Nitwits Headlice All In One Treatment Spray | 120mL,$23.00,$19.17 per 100mL
Nivea Cellular Antiage Night Cream | 50mL,$33.00,$66.00 per 100mL
Blackmores CoQ10 150mg Heart Health Capsules | 30 pack,$27.00,$90.00 per 100ea
Revlon Photoready Rose Glow Primer | 30mL,$32.00,$10.67 per 10mL
Clearblue Ovulation Test Advanced | 10 pack,$40.00,$4.00 per 1ea
L'Oreal Excellence Light Golden Blonde 9.3 | 1 pack,$24.00,$24.00 per 1ea
Swisse Ultiboost Immune Gummies | 60 pack,$15.00,$0.25 per 1ea | Was $25.00 on Sep 2022
Garnier Green Labs Replumping Serum Cream | 72mL,$27.00,$37.50 per 100mL
Nicorette Quit Smoking Regular Strength Nicotine Gum Classic | 75 pack,$30.00,$30.00 per 1ea
Life-Space Baby Probiotic Powder | 40g,$28.00,$70.00 per 100g
Nature's Way Glucosamine + Chondroitin Tablets | 90 pack,$30.00,$0.33 per 1ea
Swisse Calcium & Vitamin D Tablets | 150 pack,$17.00,$0.11 per 1ea | Was $30.00 on May 2022
Invisible Zinc Sheer Defence Tinted Moisturiser SPF 50 Light | 50g,$34.00,$68.00 per 100g
Swisse High Strength Magnesium Powder Orange | 180g,$30.00,$16.67 per 100g
Gillette Proglide Power Red Blades | 4 pack,$38.50,$9.63 per 1ea
Maybelline Nudes Of New York Eyeshadow Palette | 1 each,$35.00,$35.00 per 1ea
Nature's Way Glucosamine + Chondroitin + MSM Tablets | 60 pack,$31.50,$0.53 per 1ea
Benefiber Powder | 500g,$29.00,$5.80 per 100g
Gillette Fusion Proshield Razor Blades | 4 pack,$38.50,$9.63 per 1ea
Revlon Colorstay Pressed Powder Light Medium | 8.4g,$35.00,$41.67 per 10g
Blackmores Probiotics+ Women's Flora Balance | 30 pack,$33.00,$110.00 per 100ea
L'Oreal Revitalift Moisturiser SPF 15 | 50mL,$37.00,$74.00 per 100mL
Swisse Ultiboost Relax & Sleep 60 Tablets  | 1 pack,$34.00,$34.00 per 1ea
Natures Way Way Restore Probiotic 50 Billion | 30 pack,$37.00,$1.23 per 1ea
Nature's Way Beauty Collagen Mature Skin Verisol Collagen + Vitamin A | 60 pack,$36.00,$0.60 per 1ea
L'Oreal Paris Age Perfect Eye Cream | 15mL,$37.00,$24.67 per 10mL
L'Oreal Paris Revitalift Night Cream | 50mL,$37.00,$74.00 per 100mL
Tom Organic The Period Cup Size 2 | 1 each,$42.00,$42.00 per 1ea
Swisse Ultivite Men's High Potency Multivitamin | 40 pack,$34.00,$0.85 per 1ea
Oral B Sensitive Brush Head Refills | 6 pack,$40.00,$6.67 per 1ea
Vs The Clean Cut For Men | 1 pack,$34.50,$34.50 per 1ea
Nature's Way Vitamin C 500mg Chewable Tablets | 500 pack,$29.00,$0.06 per 1ea
Oral B Whte Emulsions Apply Boost Light | 1 pack,$50.00,$25.00 per 1ea | Was $100.00
Nature's Own Super Vitamin B Complex Tablets W. Biotin + B12 | 150 pack,$37.00,$0.25 per 1ea
Nicabate Extra Fresh Mint Gum Quit Smoking 4mg | 100 pack,$31.00,$0.31 per 1ea | Was $36.00 on Nov 2022
L'Oreal Age Perfect Gold Age Night Cream | 50mL,$40.00,$80.00 per 100mL
Blackmores Executive B Stress Support Tablets | 125 pack,$39.00,$31.20 per 100ea
Nicorette Quit Smoking QuickMist Nicotine Mouth Spray Freshmint | 1 Pack,$40.00,$40.00 per 1ea | Was $45.00
Swisse Ultivite Men's Multivitamin Tablets | 60 pack,$30.00,$50.00 per 100ea
Swisse High Strength C | 150 Pack,$40.00,$0.27 per 1ea
Swisse Ultiboost Sleep Tablets | 100 pack,$40.00,$0.40 per 1ea
L'Oreal Revitalift Ginseng Glow Energising Day Cream | 50mL,$39.00,$78.00 per 100mL
Blackmores Macu Vision Eye Care Vitamin Tablets | 125 pack,$29.00,$0.23 per 1ea | Was $42.00 on Nov 2022
Swisse Ultiboost Magnesium 150mg 200 Tablets | 1 pack,$42.00,$42.00 per 1ea
﻿Braun Face Mini Hair Remover | 1 each,$50.00,$50.00 per 1ea
Herron Nicaway Mini Lozenges 2mg | 162 pack,$45.00,$0.28 per 1ea
L'Oreal Revitalift Laser Anti-Aging Power Moisturiser | 50mL,$50.00,$100.00 per 100mL
Metamucil Fibre Caps | 300 pack,$49.00,$0.16 per 1ea | Was $50.00
Nicabate Extra Fresh Mint Nicotine Chewing Gum 4mg | 200 pack,$44.00,$0.22 per 1ea | Was $49.00 on Nov 2022
Blackmores Glucosamine Sulfate 1500mg Tablets | 150 Pack,$45.00,$0.30 per 1ea
L'Oreal Age Perfect Cell Renewal Regenerating Eye Serum | 15mL,$50.00,$333.36 per 100mL
Gillette Proglide Power Red Flexball Razor Blades | 8 pack,$60.00,$7.50 per 1ea
L'Oreal Revitalift Filler SPF 15 Day Moisturiser | 50mL,$50.00,$100.00 per 100mL
Swisse Ultiboost Lemon & Honey Magnesium + Sleep Powder | 180g,$41.00,$22.78 per 100g
Piksters HydroPik Water Flosser | 1 pack,$70.00,$70.00 per 1ea | Was $100.00
Gillette Fusion Proshield Razor Blades | 8 pack,$60.00,$7.50 per 1ea
King C Gillette Beard Trimmer | 1 each,$60.00,$60.00 per 1ea
L'Oreal Revitalift Laser Renew Serum | 30mL,$55.00,$183.34 per 100mL
Braun Beard Trimmer | 1 pack,$60.00,$60.00 per 1ea
L'Oreal Paris Revitalift Laser Pure Retinol Night Serum | 30mL,$60.00,$200.01 per 100mL
Swisse Ultivite Women's 50+ Tablets | 90 pack,$60.00,$66.67 per 100ea
Vital All In One Daily Health Supplement | 300g,$60.00,$20.00 per 100g
Swisse Ultiboost High Strength Cranberry Tablets | 90 pack,$37.00,$0.41 per 1ea | Was $59.00 on May 2022
Nicorette Quickmist Smart Track | 2 pack,$75.00,$37.50 per 1ea
Dove Men+Care Shampoo Anti Dandruff | 300mL,$5.50,$1.83 per 100mL | Was $7.50 on Nov 2022
Nair Sensitive Pain Reducing Wax | 400g,$22.00,$5.50 per 100g
Herbal Essences Moroccan My Shine Shampoo | 300mL,$7.00,$2.33 per 100mL
Vicks Vapodrop + Cough Orange Menthol Lozenges | 36 pack,$9.00,$0.25 per 1ea
Revlon Colorstay Pressed Powder Medium | 8.4g,$35.00,$41.67 per 10g
Garnier Fructis Nourishing Banana Hair Food | 390mL,$14.00,$3.59 per 100mL
Thankyou Botanical Lime & Coriander Hand Wash Refill | 1L,$12.50,$1.25 per 100mL
Elastoplast Sport Rigid Strapping Tape | 1 pack,$13.00,$13.00 per 1ea
Thankyou Botanical Lemon Myrtle & Goat's Milk Body Wash | 1L,$13.00,$13.00 per 1L
VS Sassoon Mini Pro Straightener | 1 pack,$15.50,$15.50 per 1ea
Eylure Volume Pre-glued Eye Lashes | 1 pack,$11.50,$11.50 per 1ea
Conair Toiletry Bag Fabric Lined | 1 pack,$12.00,$12.00 per 1ea
Garnier Fructis Hydrating Aloevera Hair Food | 390mL,$14.00,$3.59 per 100mL
Neue.Lab Shampoo Classic Care | 400mL,$3.00,$0.75 per 100mL
Toni & Guy Strengthplex Conditioner | 50mL,$5.00,$10.00 per 100mL
Ostelin Cal-DK2 Calcium + Vitamin D Tablets D3 For Bones | 60 pack,$40.00,$66.67 per 100ea
Lush Aloe Vera Lubricant | 200mL,$10.00,$5.00 per 100mL
Dermal Therapy Heel Magic | 70g,$14.00,$20.00 per 100g
KOi Finger Lime & Patchouli Hand Cream | 100mL,$8.00,$8.00 per 100mL
Schwarzkopf Extra Care Normal Balance Leave In Treatment | 150mL,$12.00,$8.00 per 100mL
Garnier  Fructis 10-In-1 Nutri Repair Treatment | 1 pack,$12.00,$12.00 per 1ea
Naked Passion Water Based Lubricant Peppermint | 200mL,$10.00,$5.00 per 100mL
Skyn Pulse Device Plus Lubricant | 1 each,$20.00,$20.00 per 1ea
First Response 14 Day Ovulation Kit | 1 pack,$50.00,$50.00 per 1ea
Swisse Ub Iron + Probiotic Capsules | 30 pack,$22.50,$0.75 per 1ea
Swisse Ub Vitamin C + Zinc Powder Orange | 150g,$33.00,$22.00 per 100g
Schwarzkopf Simply Colour 4.65 Mocha Brown | 1 pack,$20.00,$20.00 per 1ea
Helios Ultra Hold Nail Glue 2.7mL | 1 pack,$6.00,$222.22 per 100mL
Reef SPF 50+ Sun Tan Coconut Oil Sunscreen Spray | 220mL,,
Garnier Fructis Watermelon Conditioner | 350mL,$12.00,$3.43 per 100mL
Hask Shampoo Curl Care Moisturizing | 355mL,$17.00,$4.79 per 100mL
Hask Conditioner Curl Care Detangling | 355mL,$17.00,$4.79 per 100mL
Gillette 5 Aqua Razor Cartridges | 4 pack,$25.50,$6.38 per 1ea
Glow Lab Shampoo Repairing | 300mL,$20.00,$6.67 per 100mL
Glow Lab Shampoo Purple | 300mL,$20.00,$6.67 per 100mL
Glow Lab Hydrating Conditioner | 300mL,$20.00,$6.67 per 100mL
Glow Lab Conditioner Purple | 300mL,$20.00,$6.67 per 100mL
Glow Lab Hydrating Conditioner | 600mL,$33.00,$5.50 per 100mL
Glow Lab Conditioner Repairing | 600mL,$33.00,$5.50 per 100mL
Glow Lab Leave In Conditioner | 120mL,$20.00,$16.67 per 100mL
Veet Pure Cold Leg Wax Strips | 20 pack,$12.00,$0.60 per 1ea
Nair Soft Natural Wax Strips | 40 pack,$16.00,$0.40 per 1ea
Nad's Natural Body Wax Strips | 60 pack,$20.00,$0.33 per 1ea
1000 Hour 3d Lash Queenie #561 | 1 pack,$12.95,$12.95 per 1ea
Nad's Hair Removal Face Butter | 60mL,$9.00,$15.00 per 100mL
Swisse UB Super Strength Fish Oil 2000Mg Capsules | 200 pack,$35.00,$0.18 per 1ea
Swisse UB Calm + De-Stress Tablets | 60 pack,$30.00,$0.50 per 1ea
Swisse UB Multivitamin Gummies | 60 pack,$15.00,$0.25 per 1ea | Was $25.00 on Sep 2022
Blackmores Stress + Sleep Vitamin B Tablets | 20 pack,$15.00,$0.75 per 1ea
Blackmores B12 Rapi-Melt Energy Support Vitamin B | 60 pack,$25.00,$0.42 per 1ea
Oral B Cross Action Electric Brush Replacement Head | 3 pack,$25.50,$5.10 per 1ea
L'Oreal Age Perfect Cr Midnight Serum | 30mL,$60.00,$200.01 per 100mL
Maybelline Superstay 30H Light Concealer | 6mL,$25.00,$41.67 per 10mL
Nivea Cellular Lift Expert Day Cream | 50mL,$35.00,$70.00 per 100mL
Pantene Nutrient Blends Illuminating Colour Care Jojoba Oil Shampoo | 270mL,$18.00,$6.67 per 100mL
Pantene Nutrient Blends Miracle Moisture Boost Rosewater Shampoo | 270mL,$18.00,$6.67 per 100mL
,$18.00,$7.20 per 100mL
,$18.00,$7.20 per 100mL
Ultra Life Effervescent Immune Orange Tablets | 60 pack,$30.00,$0.50 per 1ea
Ultra Life Effervescent Magnesium Lemon Tablets | 60 pack,$30.00,$0.50 per 1ea
Ultra Life Effervescent Multivitamin Orange Tablets | 60 pack,$30.00,$0.50 per 1ea
Oil Garden Ultrasonic Diffuser | 1 each,$35.00,$35.00 per 1ea
Schwarzkopf Extra Care Ultimate Repair Shampoo Refill | 1.2L,$22.00,$1.83 per 100mL
Schwarzkopf Extra Care Ultimate Repair Conditioner Refill | 1.2L,$22.00,$1.83 per 100mL
Revlon Colorstay Normal/Dry Longwear Makeup Sand Beige | 30mL,$37.00,$12.33 per 10mL
Revlon Colorstay Normal/Dry Longwear Makeup Medium Beige | 30mL,$37.00,$12.33 per 10mL
Maybelline Sky High Mascara Cosmic Black | 7.2mL,$26.00,$36.11 per 10mL
Schwarzkopf Got2b 4 Brows & Edges | 16mL,$21.00,$131.25 per 100mL
Barber & Co Texturising Spray | 180mL,$17.00,$9.44 per 100mL
Ocean Australia Natural Body Sunscreen SPF50+ | 120g,$25.00,$20.83 per 100g
Glow Lab Hand Wash Refill Amber & Sage | 900mL,$18.00,$2.00 per 100mL
Palmolive Body Wash Skin Food Desert Lime | 1L,$15.00,$1.50 per 100mL
Schwarzkopf Live Colour Ultra Brights Electric Blue | 75mL,$14.00,$18.67 per 100mL
Schwarzkopf Live Colour Permanent Silver Storm | 1 pack,$15.00,$15.00 per 1ea
Schwarzkopf Live Colour Permanent 1.0 Black | 1 pack,$15.00,$15.00 per 1ea
Schwarzkopf Live Colour Permanent 4.45 Rich Chocolate | 1 pack,$15.00,$15.00 per 1ea
Clairol Nice'N Easy 9.5A Baby Blonde | 1 pack,$9.70,$9.70 per 1ea | Was $14.00 on Oct 2022
Clairol Nice'N Easy 9B Light Beige Blonde | 1 pack,$9.70,$9.70 per 1ea | Was $14.00 on Oct 2022
Clairol Nice'N Easy 3.5 Darkest Brown | 1 pack,$9.70,$9.70 per 1ea | Was $14.00 on Oct 2022
Anihana Bath Bomb Peach Smoothie | 180g,$8.00,$4.44 per 100g
Clairol Nice'N Easy 7 Dark Blonde | 1 pack,$9.70,$9.70 per 1ea | Was $14.00 on Oct 2022
Clairol Nice'N Easy 8WR Golden Auburn | 1 pack,$9.70,$9.70 per 1ea | Was $14.00 on Oct 2022
Brutal Truth Deodorant Spray Antiperspirant Rustic Woody | 150mL,$12.00,$8.00 per 100mL
Ultra Life Mens Multivitamins | 120 pack,$30.00,$0.25 per 1ea
Blackmores Omega Brain | 60 pack,$30.00,$0.50 per 1ea
Natures Way High Strength Gummies Sugar Free Probiotic | 65 pack,$25.00,$0.38 per 1ea
Nature Way Max Strength Apple Cider Vinegar 1200mg | 90 pack,$30.00,$0.33 per 1ea
Natures Way High Strength Gummies Sugar Free Sleep | 40 pack,$25.00,$0.63 per 1ea
Gillette Labs Shave Foam | 240mL,$12.00,$5.00 per 100mL
Quick Screen Facial Sunscreen Lotion SPF50+ | 45mL,$40.00,$88.89 per 100mL
Garnier Green Labs Retinol Berry Serum | 50mL,$35.00,$70.00 per 100mL
L'Oreal Wrinkle Expert SPF 15 Day Cream 45+ | 50mL,$18.00,$36.00 per 100mL | Was $24.00 on Nov 2022
Thayers Witch Hazel Rose Toner | 355mL,$17.00,$4.79 per 100mL
Thayers Witch Hazel Unscented Toner | 355mL,$17.00,$4.79 per 100mL
Thayers Witch Hazel Rose Toner Mist | 237mL,$17.00,$7.17 per 100mL
Nivea Sun Uv Sensitive Face SPF 50 | 50mL,$15.00,$30.00 per 100mL
Covergirl Simply Ageless Concealer Light | 7.3mL,$23.00,$31.51 per 10mL
Cetaphil Moisturising Lotion | 1L,$30.00,$3.00 per 100mL
Napro Palette 5-99 Rosewood Violet Permanent Hair Colour | 1 pack,$9.00,$9.00 per 1ea
Napro Palette 1-0 Black Permanent Hair Colour | 1 pack,$9.00,$9.00 per 1ea
Davinci Shaving Brush | 1 pack,$6.50,$6.50 per 1ea
Blackmores Folate 500mg Folic Acid Vitamin Tablets | 90 pack,$8.00,$0.09 per 1ea | Was $10.00 on Nov 2022
Elastoplast Knee Support | 1 each,$27.00,$27.00 per 1ea
Head & Shoulders Conditioner Clean Balanced | 200mL,$8.00,$4.00 per 100mL
Herbal Essences Bio Renew Argan Oil Hair Mask For Repair | 237mL,$9.00,$3.80 per 100mL | Was $18.00
Coles Face Roller | 1 pack,$15.00,$15.00 per 1ea
Manicare Eyes Expert Brush | 3 pack,$13.20,$4.40 per 1ea | Was $22.00
L'Oreal Paris Infallible More Than Concealer Ivory | 11mL,$19.20,$17.45 per 10mL | Was $32.00
Revlon Colorstay Ultimate Suede 045 Supermodel Lipstick | 2.55g,$27.00,$105.88 per 10g
Garnier Fructis Hair Food Watermelon | 390mL,$14.00,$3.59 per 100mL
Coles Travel Hair Brush | 1 pack,$6.70,$6.70 per 1ea
Coles Anti Bacterial Biodegradable Hand And Body Wipes | 30 pack,$2.60,$0.09 per 1ea
Coles Denture Toothbrush | 1 pack,$2.20,$2.20 per 1ea
Luca Hand Sanitiser | 50mL,$4.00,$8.00 per 100mL
Coles Crepe Bandage Medium | 1 each,$6.00,$6.00 per 1ea
Cottons Organic Maternity Pads | 10 pack,$2.75,$0.28 per 1ea | Was $5.50
Coles Cosmetic Headband | 1 pack,$5.00,$5.00 per 1ea
Coles SPF 50+ Sunscreen Ultra Tube | 100mL,$2.25,$2.25 per 100mL | Was $3.00 on Sep 2019
Urban Colour Liquid Foundation Ivory | 30mL,$5.50,$1.83 per 10mL
Urban Colour Liquid Foundation Beige | 30mL,$5.50,$1.83 per 10mL
KOi Soap Dish Bamboo | 1 each,$3.00,$3.00 per 1ea
U By Kotex Eco Regular Pad | 10 pack,$3.92,$0.39 per 1ea | Was $5.60
Nivea Rich Nourishing Body Lotion Moisturiser + Caring Almond Oil | 75mL,$3.00,$4.00 per 100mL
Anihana Soap Bar Raspberry & Lime | 100g,$4.00,$4.00 per 100g
Libra Cotton Pads Goodnights With Wings | 8 pack,$4.40,$0.55 per 1ea | Was $5.50
Headgear Styling Range Cruel Clay | 100g,$4.50,$4.50 per 100g | Was $9.00
Nyal Paracetamol Capsules | 20 pack,$3.50,$0.18 per 1ea
Coles Nasal Saline Solution | 30mL,$7.00,$23.33 per 100mL
One Of A Kind Facial Wax Strips Vanilla & Coconut | 20 pack,$10.00,$0.50 per 1ea
Anihana Scrub Bar Raspberry & Lime | 100g,$5.00,$5.00 per 100g
Voost Effervescent Multivitamin Berry Tablets | 20 pack,$5.40,$0.27 per 1ea | Was $9.00
Coles Eucalyptus Solution 10% | 200mL,$5.00,$2.50 per 100mL
Olay Sheet Mask Regenerist Niacinamide +Retinol 24 | 1 each,$5.50,$5.50 per 1ea | Was $11.00
Grow Longer Stronger Hair Mask | 50mL,$6.00,$12.00 per 100mL
Moments Ultra Thin Large Extra Lubricated Condoms | 12 pack,$7.00,$0.58 per 1ea
Moments Ultra Thin Extra Large Extra Lubricated Condoms | 12 pack,$7.00,$0.58 per 1ea
Dove Nourishing Secrets Lavender & Rose Roll On | 50mL,$4.50,$9.00 per 100mL
KOi Finger Lime & Patchouli Hand Wash | 500mL,$7.00,$1.40 per 100mL
Rocc Naturals B12 + Coconut Oil Toothpaste | 100g,$6.00,$6.00 per 100g
Brite Semi Permanent Colour Pink | 75mL,$6.00,$8.00 per 100mL | Was $10.00
Brite Semi Permanent Turquoise Hair Colour | 75mL,$6.00,$8.00 per 100mL | Was $10.00
Telfast Hayfever Allergy Relief 60mg Antihistamine Tablets | 10 pack,$6.00,$0.60 per 1ea | Was $7.35
Four Seasons Naked Closer Condoms | 12 pack,$7.00,$0.58 per 1ea
Toni & Guy Purple Conditioner | 50mL,$5.00,$10.00 per 100mL
Patch Sensitive Bamboo Plasters With Aloe Vera | 25 pack,$7.00,$0.28 per 1ea
Scunci Effortless Beauty Topsy Tail | 5 pack,$7.00,$1.40 per 1ea | Was $10.00
Panadol Mini Caps for Pain Relief Paracetamol 500mg | 20 pack,$4.70,$0.24 per 1ea
Audisol Dry Ears Spray | 30mL,$8.00,$26.67 per 100mL
Wet Ones Antibacterial Hand Wipes Be Fresh | 80 pack,$6.80,$0.09 per 1ea
Impulse Festival Summer Edition Body Spray | 75mL,$6.00,$8.00 per 100mL
Schick Intuition Island Berry Razor Kit | 1 pack,$7.50,$7.50 per 1ea | Was $15.00
Olay Total Effects Normal UV Cream Mini | 12g,$7.00,$58.33 per 100g
Schmidt's Deodorant Spray Rose & Vanilla | 115mL,$7.70,$6.70 per 100mL | Was $11.00
Schmidt's Deodorant Spray Lavender & Sage | 115mL,$7.70,$6.70 per 100mL | Was $11.00
Lady Jayne Tangle Pro Detangling Brush | 1 each,$7.80,$7.80 per 1ea | Was $14.80
Head & Shoulders Supreme Scalp Moisture & Smooth Shampoo | 400mL,$8.00,$2.00 per 100mL | Was $16.00
Essano Argan Oil Nourishing Shampoo | 300mL,$8.00,$2.67 per 100mL | Was $16.00
Sukin Rosehip Nourishing Cream Cleanser | 125mL,$8.00,$6.40 per 100mL | Was $16.00
Sukin Blemish Control Oil Free Moisturiser | 125mL,$8.00,$6.40 per 100mL | Was $16.00
Essano Blonde Conditioner | 300mL,$8.00,$2.67 per 100mL | Was $16.00
People Repair Shampoo | 350mL,$8.00,$2.29 per 100mL | Was $16.00
People Repair Conditioner | 350mL,$8.00,$2.29 per 100mL | Was $16.00
Essano Scalp Refresh Shampoo | 300mL,$8.00,$2.67 per 100mL | Was $16.00
Essano Scalp Refresh Conditioner | 300mL,$8.00,$2.67 per 100mL | Was $16.00
Centrum Kids Chewables Multi Fuel | 50 pack,$8.00,$0.16 per 1ea | Was $16.00
Sukin Teen Skin Super Scrub | 125mL,$8.00,$6.40 per 100mL | Was $16.00
Manuka Health Lemon & Ginger Flavoured Honey Lozenges | 15 pack,$7.00,$0.47 per 1ea
Bosisto's Nasal Spray Eucalyptus | 50mL,$8.00,$16.00 per 100mL
Sunsilk Shampoo Summer Care | 700mL,$12.00,$1.71 per 100mL
Clairol Root Touch Up No Ammonia 5 Medium Brown | 1 pack,$8.25,$8.25 per 1ea | Was $16.50
Rimmel Lasting Finish Lip Liner Eastend Pink | 4g,$8.40,$21.00 per 10g | Was $14.00
KOi Bergamot & Magnolia Body Lotion | 400mL,$12.00,$3.00 per 100mL
Schwarzkopf Extra Care Push Up Volume Lifting Shampoo | 400mL,$9.00,$2.25 per 100mL
,$9.00,$2.25 per 100mL
Schwarzkopf Extra Care Push Up Volume Lifting Conditioner | 400mL,$9.00,$2.25 per 100mL
Bondi Sands  SPF 50+ Lip Balm Coconut | 10g,$7.00,$70.00 per 100g
Imperial Leather After Shave Lotion | 100mL,$9.00,$9.00 per 100mL | Was $10.80
L'Oreal Paris Elvive Purple 10 In 1 Spray | 150mL,$9.00,$6.00 per 100mL | Was $15.00
Audisol Ear Wax Remover | 20mL,$12.90,$64.50 per 100mL
Quit Nits Kills Head+Body Lice Foam | 125mL,$9.00,$7.20 per 100mL
Myaura Rose Vanilla & Jasmine Organics Deodorant | 65g,$9.00,$13.85 per 100g
Skyn Excitation Condoms | 10 pack,$9.50,$0.95 per 1ea | Was $11.00
KOi Green Tea & Cucumber Shampoo Bar | 100g,$16.00,$16.00 per 100g
KOi Ginger & Lemongrass Shampoo Bar | 100g,$16.00,$16.00 per 100g
Rimmel Oh My Gloss #100 Love Bug - Carded | 6.5mL,$9.60,$14.77 per 10mL | Was $16.00
Schmidt's Signature Deodorant Stick Rose And Vanilla | 75g,$9.80,$13.07 per 100g | Was $14.00
Revlon Kiss Fresh Strawberry Balm | 2.6g,$8.00,$30.77 per 10g
Bosisto's Calming Solution | 100mL,$8.00,$8.00 per 100mL
Head & Shoulders Supreme Scalp Moisture & Smooth Shampoo | 550mL,$10.00,$1.82 per 100mL
Head & Shoulders Supreme Scalp Repair Moisture & Smooth Shampoo | 550mL,$10.00,$1.82 per 100mL | Was $20.00
Head & Shoulders Supreme Scalp Moisture & Smooth Conditioner | 550mL,$10.00,$1.82 per 100mL
Herbal Essences Argan Oil & Aloe Treatment | 100mL,$10.00,$10.00 per 100mL
Herbal Essences Aloe & Eucalyptus Conditioner | 350mL,$10.00,$2.86 per 100mL
Moosehead Grubby Putty | 80g,$10.00,$12.50 per 100g | Was $12.50
Moosehead Forming Fibre | 80g,$10.00,$12.50 per 100g | Was $12.50
Sup Collagen Hair Skin Nails Tablets | 60 pack,$10.00,$16.67 per 100ea | Was $20.00
Dermal Therapy Plantation Heel Balm | 75g,$10.00,$13.33 per 100g | Was $15.00
Kings Domain Hair Slick Pomade | 85g,$10.00,$11.76 per 100g | Was $16.00
Kings Domain 3-In-1 Shampoo Conditioner Body Wash | 375mL,$10.00,$2.67 per 100mL | Was $16.00
Sup Clear Skin | 30 pack,$10.00,$0.33 per 1ea | Was $20.00
SUP Ashwagandha Calm & Relax Gummies | 30 pack,$10.00,$0.33 per 1ea | Was $20.00
KOi Green Tea & Cucumber Conditioner Bar | 70g,$16.00,$22.86 per 100g
KOi Ginger & Lemongrass Conditioner Bar | 70g,$16.00,$22.86 per 100g
Manicare Face Powder Brush | 1 pack,$10.14,$10.14 per 1ea | Was $16.90
One Of A Kind Wax Melting Pot | 1 each,$20.00,$20.00 per 1ea
Rimmel Lasting Finish Primer | 30mL,$10.20,$3.40 per 10mL | Was $17.00
,$10.20,$10.20 per 1ea | Was $17.00
Rimmel Oh My Gloss Plump Lip Gloss Diamond Pop | 6.5mL,$10.20,$15.69 per 10mL | Was $17.00
Thankyou Lime & Coriander Hand Wash | 500mL,$7.50,$1.50 per 100mL
Scunci Scrunchie Twist & Dry Hair Turban | 2 pack,$10.45,$5.23 per 1ea | Was $14.95
One Of A Kind Roll On Oil Neroli & Jasmine Flower | 15mL,$12.00,$80.01 per 100mL
Beach Road Naturals Shampoo Rosewater | 500mL,$10.50,$2.10 per 100mL | Was $18.00
Beach Road Naturals Conditioner Rosewater | 500mL,$10.50,$2.10 per 100mL | Was $18.00
De-Gas Peppermint Capsules | 24 pack,$8.00,$0.33 per 1ea
Rimmel Lasting Radiance Concealer Classic Beige | 7mL,$10.80,$15.43 per 10mL | Was $18.00
Beach Road Natural Organic Rosewater Castile Body Wash | 1L,$10.80,$1.08 per 100mL | Was $18.00
Beach Road Naturals Body Wash Lemon | 1L,$10.80,$1.08 per 100mL | Was $18.00
Scholl Expert Care Dry Skin Foot Sock Mask | 1 pack,$7.00,$7.00 per 1ea
Schwarzkopf Got2B Ultra Glued Gel | 150mL,$11.00,$7.33 per 100mL
Coles Assure Pants For Men Large | 8 pack,$9.65,$1.21 per 1ea
Bosisto's Stress Aroma Mist | 125mL,$10.00,$8.00 per 100mL
,$9.00,$0.56 per 1ea
Rimmel Multi Tasker Concealer Fair | 10mL,$11.40,$11.40 per 10mL | Was $19.00
SUP Inner Glow Collagen | 30 pack,$11.50,$0.38 per 1ea | Was $23.00
Lady Jayne Tangle Pro Detangling Brush | 1 pack,$12.00,$12.00 per 1ea | Was $21.30
Schwarzkopf Extra Care Keratin Sea Salt Spray | 250mL,$12.00,$4.80 per 100mL | Was $13.00
Garnier Olia Hair Colour 10.1 Very Very Light Blonde | 1 pack,$12.00,$12.00 per 1ea | Was $20.00
Ultra Life Vitamin D | 400 pack,$30.00,$0.08 per 1ea
Tena Womens Pants Low Waist Noir Medium | 10 each,$12.32,$1.23 per 1ea | Was $17.60
Essano Scalp Refresh Serum | 50mL,$12.50,$25.00 per 100mL | Was $25.00
Rimmel Match Perfection Foundation Lght Nude 102 | 30mL,$12.60,$4.20 per 10mL | Was $21.00
Vush Feelin' Myself Intimate Gel | 100mL,$12.80,$12.80 per 100mL | Was $16.00
Zena Repair Conditioner | 300mL,$20.00,$6.67 per 100mL
Olay Regenerist Whip | 10g,$12.00,$120.00 per 100g
Garnier Intensive Restoring Hand Cream | 100mL,$9.00,$9.00 per 100mL
Rimmel Wonder'Luxe Volume Mascara Brown Black | 11mL,$13.20,$12.00 per 10mL | Was $22.00
L'Oreal Plump & Set Brow Artist Transparent | 4.6g,$13.20,$28.70 per 10g | Was $22.00
LPO Purify Foaming Gel Cleanser | 150mL,$15.00,
Bondi Sands Aloe Vera After Sun | 200mL,$10.00,$5.00 per 100mL
Dominate Rock Solid Wax | 95g,$13.00,$13.68 per 100g
Voost Vitamin C 1000mg 40 Blood Orange Effervescent Tablets | 2 pack,$12.00,$6.00 per 1ea | Was $13.75 on May 2022
Epzen Awaken Cleanse Invigorating Body Wash | 750mL,$13.60,$1.81 per 100mL | Was $17.00
L'Oreal True Match 2N Vanilla Concealer | 6.8mL,$13.80,$20.29 per 10mL | Was $23.00
L'Oreal Brow Artist Xpert Cool Brown Brow Pencil | 3g,$13.80,$46.00 per 10g | Was $23.00
L'Oreal True Match Concealer Cream Beige | 6.8mL,$13.80,$20.29 per 10mL | Was $23.00
L'Oreal True Match Concealer Rose Ivory | 6.8mL,$13.80,$20.29 per 10mL | Was $23.00
L'Oreal Paris Brow Artist Xpert 102 Cool Blonde | 3g,$13.80,$46.00 per 10g | Was $23.00
Gaviscon Extra Strength 500Mg Peppermint Tablets | 24 pack,$11.50,$0.48 per 1ea
Clearasil Daily Clear Blackhead Clearing Scrub | 150mL,$10.50,$7.00 per 100mL
Anihana Shampoo Bar Grapefruit & Chamomile | 65g,$14.00,$21.54 per 100g
Anihana Shampoo Bar Lavender & Rosemary | 65g,$14.00,$21.54 per 100g
Anihana Shampoo & Conditioner Bar Ocean Cruz 2 In 1 | 65g,$14.00,$21.54 per 100g
Anihana Conditioner Bar Grapefruit & Lime | 60g,$14.00,$23.33 per 100g
Anihana Conditioner Bar Lavender & Lemon | 60g,$14.00,$23.33 per 100g
U by Kotex Thinx Period Underwear Black Bikini Size 6-8 | 1 each,$14.00,$14.00 per 1ea | Was $20.00
U by Kotex Thinx Period Underwear Black Bikini Size 10 | 1 each,$14.00,$14.00 per 1ea | Was $20.00
Tigi Bed Head Shampoo L3 Resurrectio | 300mL,$14.00,$4.67 per 100mL | Was $20.00
Tigi Bed Head Conditioner L3 Resurrection | 300mL,$14.00,$4.67 per 100mL | Was $20.00
Rimmel Lasting Finish Foundation Soft Beige #200 | 30mL,$14.00,$4.67 per 10mL | Was $24.00
Rimmel Lasting Finish Liquid Foundation True Ivory | 30mL,$14.00,$4.67 per 10mL | Was $24.00
Schwarzkopf Got2B Beachmatt Matt Paste | 100mL,$14.00,$14.00 per 100mL
Cedar And Stone Hand Wash  Exfoliating Oneash Exfoliating | 500mL,$16.00,$3.20 per 100mL
Cedar And Stone Body Wash Smooth Operator | 500mL,$16.00,$3.20 per 100mL
Hask Monoi Coconut Conditioner | 355mL,$17.00,$4.79 per 100mL
Hask Biotin Boost Thickening Shampoo | 355mL,$17.00,$4.79 per 100mL
Hask Biotin Boost Thickening Conditioner | 355mL,$17.00,$4.79 per 100mL
LPO Purify Hydrating Mist Toner | 50mL,$15.00,$30.00 per 100mL
Schwarzkopf C3 Nordic Blonde Anti-Yellow Toner | 200mL,$13.00,$6.50 per 100mL
Thursday Plantation Calming &  Sleep Support Lavender Oil | 9mL,$14.40,$160.02 per 100mL | Was $20.00
Glow Lab Facial Moisturiser | 100mL,$16.00,$16.00 per 100mL
Brite Organix Vegan Bleach Kit | 1 pack,$14.40,$14.40 per 1ea | Was $18.00
Sukin Facial Moisturiser For Men | 225mL,$16.00,$7.11 per 100mL
Schick Hydro 5 Sensitive Razor Kit | 1 pack,$14.50,$14.50 per 1ea | Was $29.00
Brutal Truth Shower Gel Rustic Woody | 300mL,$13.00,$4.33 per 100mL
Tresemme Pro Pure Conditioner Radiant Colour | 675mL,$13.00,$1.93 per 100mL
Nivea Naturally Good Day Cream Radiance | 50mL,$12.00,$24.00 per 100mL
Sunsilk Sunsilk Conditioner Clean & Fresh | 700mL,$12.00,$1.71 per 100mL
L'Oreal Paris Color Riche Satin Lipstick 303 Rose Tendre | 3.3g,$15.00,$45.45 per 10g | Was $25.00
Libra Underwear Hipster Xs | 1 each,$15.00,$15.00 per 1ea | Was $25.00
Libra Underwear Hipster XL | 1 each,$15.00,$15.00 per 1ea | Was $25.00
Woodsman Skincare For Men Face Scrub With Licorice Root | 200mL,$15.00,$7.50 per 100mL
Kynd Sleep + Magnesium Tablets | 30 pack,$15.00,$0.50 per 1ea | Was $30.00
Libra Period Proof Bikini Briefs Size XS | 1 each,$15.00,$15.00 per 1ea | Was $25.00
Libra Period Proof Bikini Briefs Size S | 1 each,$15.00,$15.00 per 1ea | Was $25.00
Libra Period Proof Bikini Briefs Size XL | 1 each,$15.00,$15.00 per 1ea | Was $25.00
Haircarebear Gummies Clear Skin | 60 pack,$15.00,$0.25 per 1ea | Was $30.00
Kynd Hyaluronic Acid+ | 30 pack,$15.00,$0.50 per 1ea | Was $30.00
Sup Hyaluronic Acid | 30 pack,$15.00,$0.50 per 1ea | Was $30.00
Le Tan Face Sensitive Invisible Fluid SPF50+ | 50mL,$17.00,$34.00 per 100mL
Jonny Lovers Dozen Condoms | 13 pack,$16.00,$1.23 per 1ea
KOi For Men Razor Cartridge | 4 pack,$20.00,$5.00 per 1ea | Was $23.50 on Dec 2022
Voost Energy Effervescent Tablets | 40 pack,$12.00,$0.30 per 1ea | Was $13.75 on May 2022
Alma Soft Surgical Face Masks | 50 pack,$20.00,$0.40 per 1ea
L'Oreal Paris Paradise Mascara Black | 6.4mL,$15.50,$24.22 per 10mL | Was $26.00
L'Oreal Paris Paradise Mascara Intense Black | 6.4mL,$15.50,$24.22 per 10mL | Was $26.00
L'Oreal Paris Paradise Moonlight Brown Mascara | 6.4mL,$15.50,$24.22 per 10mL | Was $26.00
Advanced Hair Thickening Shampoo | 200mL,$15.00,$7.50 per 100mL
Grow Thicker Fuller Root | 200mL,$17.00,$8.50 per 100mL
Grow Thicker Fuller Thickening | 200mL,$17.00,$8.50 per 100mL
Grow Longer Stronger Stimulating Scalp Scrub | 140mL,$17.00,$12.14 per 100mL
Eno Lemon Fruit Salts | 200g,$11.50,$5.75 per 100g
Bosisto's Stress Pure Essential Oils | 15mL,$17.00,$113.34 per 100mL
Manicare Pedi Pro Callus File | 1 pack,$15.90,$15.90 per 1ea | Was $26.50
David Beckham Gift Set | 1 each,$15.00,$15.00 per 1ea
Mojo Hair Defining Paste | 64g,$16.00,$25.00 per 100g | Was $20.00
Mojo Hair Classic Pomade | 75g,$16.00,$21.33 per 100g | Was $20.00
Comvita Olive Leaf Extract High Strength Capsules | 60 pack,$16.00,$0.27 per 1ea | Was $23.00
Bio Fermented Marine Collagen | 500mL,$16.00,$3.20 per 100mL | Was $32.00
Selsun Care Protect & Shine Conditioner | 200mL,$13.00,$6.50 per 100mL
Covergirl Eyeliner Pencil Black 1mL | 1 pack,$13.00,$13.00 per 1ea
Vicks Vaporub Easy Applicator | 35g,$12.90,$36.86 per 100g
L'Oreal C'Est Magic BB Cream Light | 30mL,$16.20,$5.40 per 10mL | Was $27.00
Olay Regenerist Revitalising Cream Hydra | 50mL,$16.25,$32.50 per 100mL | Was $32.50
Mitchum Clinical Gel 48 Hour Powder Fresh Antiperspirant Deodorant For Women | 57g,$10.00,$17.54 per 100g
Schwarzkopf Nordic L1 Intensive Lightener | 1 pack,$15.00,$15.00 per 1ea
Schwarzkopf Nordic L101 Silver Blonde | 1 pack,$15.00,$15.00 per 1ea
Olay Total Effects UV Cream Gentle | 50g,$16.50,$33.00 per 100g | Was $33.00
Movicol Flavour Free Sachet | 30 pack,$15.00,$0.50 per 1ea
Sukin Natural Balance Leave-in Conditioner | 250mL,$16.00,$6.40 per 100mL
Schwarzkopf Live Colour Permanent 5.89 Dark Ruby Red | 1 pack,$15.00,$15.00 per 1ea
L'Oreal Paris Bambi False Lash Mascara | 9.4mL,$16.80,$17.87 per 10mL | Was $28.00
,$13.00,$6.50 per 100mL
Swisse Ultiboost Vitamin C Chewable | 110 pack,$12.50,$11.36 per 100ea
Cenovis Easy Sleep Valerian 2000mg Capsules | 30 pack,$13.00,$43.33 per 100ea
One Of A Kind 5 Blade Cartridges | 4 pack,$17.00,$4.25 per 1ea
Sukin Purely Ageless Pro Intensive Rejuvenating Serum Dropper | 25mL,$17.50,$70.00 per 100mL | Was $35.00
Sukin Purely Ageless Pro Intensive Firming Eye Cream | 15mL,$17.50,$11.67 per 10mL | Was $35.00
Sukin Purely Ageless Pro Intensive Revitalising Overnight Mask | 50mL,$17.50,$35.00 per 100mL | Was $35.00
Sukin Purely Ageless Pro Intensive Firming Day Cream | 50mL,$17.50,$35.00 per 100mL | Was $35.00
U by Kotex Thinx Period Underwear Ruby High Waisted Size 6-8 | 1 pack,$17.50,$17.50 per 1ea | Was $25.00
U by Kotex Thinx Period Underwear Ruby High Waisted Size 12 | 1 pack,$17.50,$17.50 per 1ea | Was $25.00
Essano Retinol Night Renewal Facial Oil | 20mL,$17.50,$87.50 per 100mL | Was $35.00
Coles Eucalyptus Oil | 175mL,$14.00,$8.00 per 100mL
Hask Monoi Coconut Shampoo | 355mL,$17.00,$4.79 per 100mL
Ostelin Vitamin D 1000IU D3 Capsules For Bones + Immunity | 60 pack,$16.70,$0.28 per 1ea
Femfresh Wash Soothing | 600mL,$13.50,$2.25 per 100mL
Covergirl Clean Fresh Skin Milk Foundation Porcelain | 30mL,$21.00,$7.00 per 10mL
Covergirl Clean Fresh Skin Milk Foundation Light/Medium | 30mL,$21.00,$7.00 per 10mL
Covergirl Clean Fresh Skin Milk Foundation Medium | 30mL,$21.00,$7.00 per 10mL
Coles Assure Reusable Underwear Midi Black Size 10 | 1 each,$18.00,$18.00 per 1ea
Coles Assure Reusable Incontinence Midi Brief Black  Size 14 | 1 each,$18.00,$18.00 per 1ea
Coles Assure Reusable Incontinence Midi Brief Black Size 16 | 1 each,$18.00,$18.00 per 1ea
L'Oreal Paris Volume Million Lashes Balm Noir | 10mL,$18.00,$18.00 per 10mL | Was $30.00
L'Oreal Telescopic Black Mascara | 8mL,$18.00,$22.50 per 10mL | Was $30.00
Blackmores Daily Immune Action Vitamin C Tablets | 30 pack,$15.00,$50.00 per 100ea
,$19.00,$2.00 per 100mL
,$19.00,$2.00 per 100mL
,$13.00,$10.83 per 100mL
Schwarzkopf Root Retoucher Spray Black | 70g,$18.00,$25.71 per 100g
Schwarzkopf Root Retoucher Spray Brown | 70g,$18.00,$25.71 per 100g
Schwarzkopf Root Retoucher Ash Blonde For Dark Roots | 70g,$18.00,$25.71 per 100g
Clearblue Digital Pregnancy Test Kit | 1 pack,$19.00,$19.00 per 1ea
Oil Garden Stress Oil | 12mL,$17.00,$141.67 per 100mL
Oil Garden Sleep Oil | 12mL,$17.00,$141.67 per 100mL
Ethical Zinc SPF 50+ Daily Wear Light Sunscreen | 100g,$20.00,$20.00 per 100g
Oil Garden Clear Mind Oil | 12mL,$17.00,$141.67 per 100mL
Covergirl Lash Blast Clean Very Black Mascara | 13mL,$21.00,$16.15 per 10mL
,$20.00,$10.00 per 100mL
,$20.00,$10.00 per 100mL
Covergirl Lash Blast Clean Very Black Waterproof Mascara | 13mL,$21.00,$16.15 per 10mL
Schwarzkopf Brilliance 85 Violet Vision | 1 pack,$18.00,$18.00 per 1ea
Schwarzkopf Brilliance 89 Bitter Sweet Chocolate | 1 pack,$18.00,$18.00 per 1ea
Schwarzkopf Brilliance 37 Hypnotic Red | 1 pack,$18.00,$18.00 per 1ea
Schwarzkopf Brilliance 03 Dark Amethyst | 1 pack,$18.00,$18.00 per 1ea
Schwarzkopf Brilliance 23 Burgundy Chic | 1 pack,$18.00,$18.00 per 1ea
Bondi Sands SPF 50+ Lotion | 150mL,$13.00,$8.67 per 100mL
L'Oreal Infallible #312 Incessant Russet Lip | 2.5g,$19.20,$76.80 per 10g | Was $32.00
L'Oreal Paris Infallible More Than Concealer Vanilla | 11mL,$19.20,$17.45 per 10mL | Was $32.00
L'Oreal Clinically Proven Lash Serum | 2mL,$19.20,$96.00 per 10mL | Was $32.00
L'Oreal Infallible More Than Concealer Latte | 11mL,$19.20,$17.45 per 10mL | Was $32.00
Clairol Blonde It Up Platinum Blonde | 1 pack,$16.00,$16.00 per 1ea
Nature's Own Cold Sore Relief Double Strength Tablets | 50 pack,$13.00,$0.26 per 1ea
Maybelline Great Lash Big Mascara Blackest Black 130 | 10mL,$15.00,$15.00 per 10mL
Neutrogena Clear & Defend Facial Wash | 200mL,$15.50,$7.75 per 100mL
Bear And Bristle Trimmer Detail | 1 each,$25.00,$25.00 per 1ea
Life Botanics Mens Hair Loss + Testoserone | 60 pack,$20.00,$0.33 per 1ea | Was $40.00
Life Botanics Debloat + Detox | 60 pack,$20.00,$0.33 per 1ea
Life Botanics Hyaluronic Acid + Skin | 60 pack,$20.00,$0.33 per 1ea | Was $40.00
Sukin Hair Hydrating Treatment Oil | 50mL,$18.00,$36.00 per 100mL
Nature's Way Soothes & Relaxes Magnesium Flakes | 750g,$15.00,$2.00 per 100g
L'Oreal Revitalift Classic Milky Cleansing Foam | 100mL,$14.00,$14.00 per 100mL
L'Oreal True Match Liquid Foundation Vanilla | 30mL,$20.40,$6.80 per 10mL | Was $34.00
L'Oreal True Match Liquid Foundation N4 Beige | 30mL,$20.40,$6.80 per 10mL | Was $34.00
Colgate Infinity Toothbrush Refill Heads | 2 pack,$14.00,$7.00 per 1ea
Schwarzkopf Colour Specialist 8.1 Cool Light Blonde Hair Colour | 1 pack,$20.00,$20.00 per 1ea
Schwarzkopf Colour Specialist 10-1 Cool Ultimate Blonde | 1 pack,$20.00,$20.00 per 1ea
Schwarzkopf Colour Specialist 5-1 Cool Light Brown | 1 pack,$20.00,$20.00 per 1ea
,$25.00,$6.49 per 100mL
,$25.00,$6.49 per 100mL
Nature's Way Probiotic Capsules | 30 pack,$16.50,$0.55 per 1ea
Gillette Venus 2 In 1 Pubic Hair & Skin Shave Gel & Cleanser | 190mL,$21.50,$11.32 per 100mL
Gillette Venus Soothing Daily Serum Pubic Hair & Skin | 50mL,$21.50,$43.00 per 100mL
Maui Coconut Oil Shampoo | 385mL,$26.00,$6.75 per 100mL
Maui Coconut Milk Shampoo | 385mL,$26.00,$6.75 per 100mL
Maui Coconut Oil Conditioner | 385mL,$26.00,$6.75 per 100mL
Maui Coconut Milk Conditioner | 385mL,$26.00,$6.75 per 100mL
Maui Moisture Heal & Hydrate + Shea Butter Hair Mask For Dry & Damaged Hair | 340g,$26.00,$7.65 per 100g
Modibodi Mid-Rise Period Brief Light Moderate Size 8 | 1 pack,$19.00,$19.00 per 1ea
Modibodi Mid-Rise Period Brief Light Moderate Size 14 | 1 pack,$19.00,$19.00 per 1ea
Modibodi Mid-Rise Brief Light Moderate Size 16 | 1 pack,$19.00,$19.00 per 1ea
Cenovis St John's Wort Tablets For Healthy Mood Balance | 60 pack,$15.40,$0.26 per 1ea
John Frieda Brilliant Brunette Moisturising Shampoo | 250mL,$18.00,$7.20 per 100mL
Nyal Childrens Cold & Flu Liquid | 200mL,$15.00,$7.50 per 100mL
Skyn Excite Gel For Him | 15mL,$15.00,$100.01 per 100mL
Toni & Guy Purple Toning Mask | 285mL,$19.00,$6.67 per 100mL
Ogx Refresh & Renew + Argan Oil Of Morocco Dry Shampoo For All Hair Types | 200mL,$23.00,$11.50 per 100mL
Ogx Refresh & Nourish + Coconut Milk Dry Shampoo All Hair Types | 200mL,$23.00,$11.50 per 100mL
Dove Antiperspirant Cream Pomegranate | 45mL,$13.00,$28.89 per 100mL
Schwarzkopf Extra Care Blonde Purple Conditioner | 250mL,$16.00,$6.40 per 100mL
Colourless Max Effect Hair Colour Remover | 1 pack,$21.60,$21.60 per 1ea | Was $27.00
Garnier Green Labs Smoothing Milky Wash Hyalu-Melon | 130mL,$15.00,$11.54 per 100mL
Maybelline Color Sensational Made For All Lipstick Mauve | 4.2g,$21.00,$50.00 per 10g
Schick Hydro Silk Trimstyle Pink Kit + 5 Refills | 1 each,$22.00,$22.00 per 1ea | Was $44.00
Coles Gut Health Fibre Supplement | 673g,$22.00,$3.27 per 100g | Was $26.00
Ogx Nourishing + Hydrating Coconut Milk Shampoo For Dry Hair | 384mL,$23.00,$5.97 per 100mL
Cenovis Guarana & Ginseng Energy Support Tablets | 60 pack,$17.00,$0.28 per 1ea
L'Oreal Infallible 24Hr Fresh Wear #130 True Beige Foundation | 30mL,$22.20,$7.40 per 10mL | Was $37.00
L'Oreal Infallible 24Hr Fresh Wear #120 Vanilla Foundation | 30mL,$22.20,$7.40 per 10mL | Was $37.00
L'Oreal Paris Infallible 24H Fresh Wear Foundation Rose Beige | 30mL,$22.20,$7.40 per 10mL | Was $37.00
Skin Republic Pedi Peel | 52g,$22.00,$4.23 per 100g
Sukin Hair Replenishing Hair Masque | 200mL,$20.00,$10.00 per 100mL
Schwarzkopf Simply Colour 3.0 Dark Brown | 1 pack,$20.00,$20.00 per 1ea
Schwarzkopf Simply Colour 3.65 Chocolate Brown | 1 pack,$20.00,$20.00 per 1ea
Schwarzkopf Simply Colour 9.0 Light Blonde | 1 pack,$20.00,$20.00 per 1ea
Schwarzkopf Simply Colour 5.0 Medium Brown | 1 pack,$20.00,$20.00 per 1ea
Schwarzkopf Simply Colour 4.68 Chestnut Brown | 1 pack,$20.00,$20.00 per 1ea
Cenovis Hair Skin Nails Tablets with Biotin | 60 pack,$17.50,$0.29 per 1ea
Bonds Bloody Comfy Period Bikini Moderate Size 6 | 1 pack,$20.00,$20.00 per 1ea
Bonds Womens Damn Dry Underwear Midi Size 16 | 1 pack,$20.00,$20.00 per 1ea
Bonds Womens Damn Dry Underwear Midi Size 10 | 1 pack,$20.00,$20.00 per 1ea
Bonds Womens Damn Dry Underwear Midi Size 14 | 1 pack,$20.00,$20.00 per 1ea
Bonds Bloody Comfy Period Bikini Brief Moderate Size 14 | 1 each,$20.00,$20.00 per 1ea
Maybelline Full N Soft Mascara Very Black | 8.2g,$17.00,$20.73 per 10g
Glow Lab Rosehip Oil | 20mL,$25.00,$12.50 per 100mL
Nature's Own Vitamin E 500IU Capsules | 60 pack,$16.00,$0.27 per 1ea
,$17.00,$0.47 per 1ea | Was $18.00 on Nov 2022
Henry Blooms Gut Health Step 2 Restore Sachet | 14 pack,$20.00,$1.43 per 1ea
Maybelline Fit Me Matte Pore Foundation 310 Sunbeige | 30mL,$26.00,$8.67 per 10mL
Maybelline Fit Me Matte Pore Foundation 220 Natural Beige | 30mL,$26.00,$8.67 per 10mL
Maybelline Fit Me Foundation 225 Medium Buff | 30mL,$26.00,$8.67 per 10mL
Maybelline Fit Me Foundation 230 Natural Buff | 30mL,$26.00,$8.67 per 10mL
Maybelline Lifter Lip Gloss Silk | 5.4mL,$21.00,$38.89 per 10mL
Maui Flaxseed Shampoo | 385mL,$26.00,$6.75 per 100mL
Maui Flaxseed Conditioner | 385mL,$26.00,$6.75 per 100mL
,$25.00,$6.49 per 100mL
,$27.00,$15.25 per 100mL
Maybelline The Falsies Volume Express Blackest Black Mascara | 7.5mL,$21.00,$28.00 per 10mL
John Frieda Frizz Ease Leave In Conditioning Spray | 236mL,$18.00,$7.63 per 100mL
John Frieda Violet Crush Purple Conditioner Tone Refresh | 250mL,$18.00,$7.20 per 100mL
Covergirl Lash Blast Fusion Mascara 860 Very Black | 13.1mL,$21.00,$16.03 per 10mL
DermaVeen Extra Gentle Colloidal Oatmeal Intensive Moisturise Cream | 500mL,$17.00,$3.40 per 100mL
Schwarzkopf Nordic Blonde M1 Streaking Kit | 1 pack,$20.00,$20.00 per 1ea
SKYN Original Condoms | 20 Pack,$18.00,$0.90 per 1ea
Maybelline Superstay Matte Ink #15 Lover Lipstick | 5mL,$24.00,$48.00 per 10mL
Maybelline The City Mini #400 Rooftop Bronzes Eyeshadow Palette | 4g,$21.00,$52.50 per 10g
Maybelline Fit Me Tinted Moisturizer 115 | 30mL,$22.00,$7.33 per 10mL
Maybelline Fit Me Tinted Moisturizer 118 | 30mL,$22.00,$7.33 per 10mL
Maybelline Fit Me Tinted Moisturizer 220 | 30mL,$22.00,$7.33 per 10mL
Maybelline Fit Me Tinted Moisturizer 310 | 30mL,$22.00,$7.33 per 10mL
Maybelline Fit Me Tinted Moisturizer 355 | 30mL,$22.00,$7.33 per 10mL
Ogx Blonde Enhance + Purple Toning Drops Treatment | 118mL,$23.00,$19.49 per 100mL
Ogx Blonde Enhance + Purple Toning Shampoo | 385mL,$23.00,$5.97 per 100mL
Ogx Extra Strength Frizz-Free + Keratin Oil Shampoo | 385mL,$25.00,$6.49 per 100mL
L'Oreal Casting Creme Gloss Plum Hair Colour | 1 pack,$20.00,$20.00 per 1ea
L'Oreal Casting Creme Gloss Chocolate Chesnut Hair Colour | 1 pack,$20.00,$20.00 per 1ea
"Cenovis ""Cranberry 30 | 1 Pack",$18.50,$18.50 per 1ea
Nivea Men Facial Balm Sensitive Pro Anti Skin Stress | 150mL,$18.00,$12.00 per 100mL
Olay Regenerist Cream Micro Sculpting Uv | 50g,$24.50,$49.00 per 100g | Was $49.00
Olay Eye Deep Hydrating Gel | 15mL,$24.50,$163.34 per 100mL | Was $49.00
Olay Regenerist Whip Active Moisturiser Cream | 50g,$24.50,$49.00 per 100g | Was $49.00
Olay Total Effects Whip UV SPF 30 Active Moisturiser | 50g,$24.50,$49.00 per 100g | Was $49.00
Olay Luminous Whip UV SPF30 Active Moisturiser | 50g,$24.50,$49.00 per 100g | Was $49.00
L'Oreal Men Expert Hair Colour Natural Black 02 | 1 pack,$17.00,$17.00 per 1ea
L'Oreal Men Expert Hair Colour Natural Brown 04 | 1 pack,$17.00,$17.00 per 1ea
Nature's Own Garlic Vitamin C + Horseradish Triple Strength Tablets | 60 pack,$21.15,$0.35 per 1ea
Revlon Voulmazing Waterproof Blackest Black Mascara | 9mL,$22.00,$24.44 per 10mL
Dermal Therapy Nail Treatment Fungi Stop 3in1 | 4mL,$25.00,$625.00 per 100mL | Was $35.00
LPO Renew Age Defence Day Cream SPF15 | 50mL,$28.00,$56.00 per 100mL
Gaviscon Dual Action Liquid Indigestion & Heartburn Relief Mixed Berry | 600mL,$18.50,$3.08 per 100mL
Bondi Sands Skincare Sunny Daze SPF50 Moisturiser | 50g,$23.00,$46.00 per 100g
﻿Revolution Hair Plex No.5 Bond Maintenance Conditioner | 250mL,$23.00,$9.20 per 100mL
Revolution Hair Plex No.4 Bond Maintenance Shampoo | 250mL,$23.00,$9.20 per 100mL
Revolution Hair Plex No.3 Bond Hair Perfector | 100mL,$23.00,$23.00 per 100mL
Quit Nits Treat Once To Kill Lice & Eggs | 200mL,$20.00,$10.00 per 100mL
Ogx Thick & Full + Volumising Biotin & Collagen Conditioner For Fine Hair | 385mL,$23.00,$5.97 per 100mL
,$23.00,$5.97 per 100mL
,$23.00,$5.97 per 100mL
Ogx Renewing + Argan Oil of Morocco Intense Moisturising Hair Treatment | 237mL,$23.00,$9.70 per 100mL
Blackmores Valerian Forte Sleep Support Tablets | 30 pack,$18.00,$60.00 per 100ea
St John Ambulance Everyday Care First Aid Kit | 1 each,$21.50,$21.50 per 1ea
,$18.25,$18.25 per 1ea
Swisse High Strength Australian Apple Cider Vinegar | 60 pack,$19.50,
L'Oreal Revitalift Laser Glycolic Resurfacing Gel Wash  | 150mL,$18.00,$12.00 per 100mL
Olay Regenerist Serum Micro Sculpting | 50mL,$26.50,$53.00 per 100mL | Was $53.00
Maybelline Lash Sensational Very Black Waterproof Mascara | 9.5mL,$25.00,$26.32 per 10mL
Maybelline Fit Me #220 Natural Beige Foundation | 30mL,$26.00,$8.67 per 10mL
Maybelline Fit Me Matte + Poreless Light Beige Foundation | 30mL,,
Bondi Sands Body Brush | 1 each,$25.00,$25.00 per 1ea
L'Oreal True Match Serum Foundation Very Light | 30mL,$27.00,$9.00 per 10mL | Was $45.00
L'Oreal True Match Serum Foundation Light | 30mL,$27.00,$9.00 per 10mL | Was $45.00
Re'Drink Re'New Collagen Wild Fruit 330mL | 4 pack,$25.00,$6.25 per 1ea
Re'Drink Re'Lax Ashwagandha Peach Tea 330mL | 4 pack,$25.00,$6.25 per 1ea
Revlon Volume + Length Magnified Mascara Blackest Black | 8.5mL,$22.00,$25.88 per 10mL
Revlon So Fierce Big Bad Lash Blackest Black Mascara | 10mL,$24.00,$24.00 per 10mL
Revlon Wp Bblack Mascara | 10mL,$24.00,$240.00 per 100mL
LPO Rewind Age Defence Eye Serum | 15mL,$32.00,$213.35 per 100mL
L'Oreal Men Expert Barber Club Moisturiser | 50mL,$20.00,$40.00 per 100mL
L'Oreal Men Barber Club Beard Oil | 30mL,$20.00,$66.67 per 100mL
Nature's Own St John's Wort 2700mg Tablets For Mood Balance | 40 pack,$22.00,$0.55 per 1ea
Sukin Sensitive Micellar Conditioner | 1L,$23.00,$23.00 per 1L | Was $32.00 on Nov 2022
Tena Washable Mens Boxer Size Large | 1 pack,$28.00,$28.00 per 1ea | Was $40.00
Bonds Bloody Comfy Period Full Brief Heavy Size 18 | 1 pack,$25.00,$25.00 per 1ea
LPO Rewind Age Defence Day Cream SPF 15 | 50mL,$32.00,$64.00 per 100mL
LPO Rewind Age Defence Night Cream | 50mL,$32.00,$64.00 per 100mL
Nature's Own Sleep Ezy Capsules W. Chamomile Valerian + Hops | 100 pack,$16.00,$16.00 per 100ea
Le Tan Uber Dark Fast Ash Base 1 Hour Express | 200mL,$30.00,$15.00 per 100mL
Le Tan Uber Dark Fast Green Base 1 Hour Express | 200mL,$30.00,$15.00 per 100mL
Difflam Tropical Gel Extra Strength | 75g,$19.50,$26.00 per 100g
Vs The Home Cut For Men | 1 pack,$19.50,$19.50 per 1ea
L'Oreal Preference 7.23 Bali Dark Rose Gold Hair Colour | 1 pack,$24.00,$24.00 per 1ea
L'Oreal Preference 9.1 Oslo Hair Colour | 1 pack,$24.00,$24.00 per 1ea
L'Oreal Preference 1.0 Napoli Hair Colour | 1 pack,$24.00,$24.00 per 1ea
L'Oreal Preference Vienna Permanent Hair Colour | 1 pack,$24.00,$24.00 per 1ea
Maybelline Superstay 24H Lip Cherry | 4.1mL,$26.00,$63.42 per 10mL
L'Oreal Wrinkle Expert Hydrating Anti- Wrinkle Cream 35+ | 50mL,$18.00,$36.00 per 100mL | Was $24.00 on Jul 2022
Dermaveen Hydrating Night Cream | 50mL,$20.00,$40.00 per 100mL
Maybelline Mineral Powder Powder Classic Ivory | 1 each,$25.00,$25.00 per 1ea
Olay Luminous Niacinamide + Cica Super Serum | 30mL,$30.00,$100.00 per 100mL | Was $60.00
Olay Regenerist Ultra Rich Cream Fragrance Free | 48g,$30.00,$6.25 per 10g | Was $60.00
Olay Regenerist Collagen Peptide 24 Eye Cream | 15mL,$30.00,$20.00 per 10mL
Oral B Whte Emulsions Apply Go Light | 1 pack,$30.00,$30.00 per 1ea | Was $60.00
Olay Luminous Vitamin C + Niacinamide Eye Cream | 15mL,$30.00,$200.01 per 100mL | Was $60.00
Harmony Menopause Max | 45 pack,$30.17,$67.04 per 100ea | Was $35.50
Maybelline The Colossal 36Hr Blackest Black Mascara | 8mL,$26.00,$32.50 per 10mL
Maybelline Dream Radiant Liquid Foundation Classic Ivory | 30mL,$27.00,$9.00 per 10mL
Maybelline Dream Radiant Liquid Foundation Creamy Natural | 30mL,$27.00,$9.00 per 10mL
Maybelline Dream Radiant Liquid Foundation Sandy Beige | 30mL,$27.00,$9.00 per 10mL
Maybelline Dream Radiant Liquid Foundation Pure Beige | 30mL,$27.00,$9.00 per 10mL
Maybelline Colossal Curl Bounce Black Mascara | 9mL,$26.00,$28.89 per 10mL
Maybelline Colossal Curl Bounce Waterproof Black Mascara | 9mL,$26.00,$28.89 per 10mL
Maybelline The Falsies Lash Lift Waterproof Very Black Mascara | 9.6mL,$26.00,$27.08 per 10mL
Nature's Own High Strength Garlic 10000mg Tablets | 100 pack,$27.00,$0.27 per 1ea
Covergirl Simply Ageless Foundation Buff Beige | 12g,$27.00,$22.50 per 10g
Covergirl Simply Ageless Foundation Classic Ivory | 12g,$27.00,$22.50 per 10g
Covergirl Simply Ageless Foundation Creamy Natural | 12g,$27.00,$22.50 per 10g
Bondi Sands Aero Dark | 225mL,$25.00,$11.11 per 100mL
Toni & Guy Shampoo Purple | 600mL,$30.00,$5.00 per 100mL
Toni & Guy Conditioner Purple | 600mL,$30.00,$5.00 per 100mL
Fudge Professional All Blonde Colour Lock Shampoo | 250mL,$24.00,$9.60 per 100mL
,$30.00,$30.00 per 100mL
Le Tan Uber Stay Ash Base Stay Self Tanning Foam | 200mL,$30.00,$15.00 per 100mL
Le Tan Uber Stay Green Base Stay Self Tanning Foam | 200mL,$30.00,$15.00 per 100mL
Tom Organic Period Briefs Bikini Size XS | 1 pack,$25.00,$25.00 per 1ea
Scott Cornwall Decolour Hair Colour Remover | 1 pack,$25.00,$25.00 per 1ea
Herron Nicaway Nicotine Lozenge 4mg | 72 pack,$21.00,$0.29 per 1ea
Gillette Venus Smooth Value Pack Razor Blade Refills | 8 pack,$28.00,$3.50 per 1ea
Maybelline Superstay Liquid Foundation True Ivory | 30mL,$30.00,$10.00 per 10mL
Maybelline Superstay Liquid Foundation Light Beige | 30mL,$30.00,$10.00 per 10mL
Maybelline Superstay Liquid Foundation Ivory | 30mL,$30.00,$10.00 per 10mL
Nature's Own High Strength Zinc 30mg Tablets | 120 pack,$27.00,$0.23 per 1ea
Nature's Own COQ10 150mg Cardio Support Capsules | 30 pack,$24.00,$0.80 per 1ea
Revlon Colorstay Concealer Light | 6mL,$27.00,$45.00 per 10mL
Revlon Colorstay Concealer Light Medium | 6mL,$27.00,$45.00 per 10mL
Revlon Colorstay Ultimate Suede Iconic Lipstick 055 | 2.55g,$27.00,$105.88 per 10g
Revlon  Colorstay Ultimate Suede 070 Preview Lipstick | 2.55g,$27.00,$105.88 per 10g
Revlon CS Satin Ink Lipstick Partner In Crime | 5mL,$27.00,$54.00 per 10mL
Revlon CS Satin Ink Lipstick Silky Sienna | 5mL,$27.00,$54.00 per 10mL
Revlon CS Skin Awaken Concealer Light | 8mL,$27.00,$33.75 per 10mL
Revlon CS Skin Awaken Concealer Medium | 8mL,$27.00,$33.75 per 10mL
L'Oreal Paris Excellence 6.30 Light Golden Brown Hair Colour | 1 pack,$24.00,$24.00 per 1ea
L'Oreal Paris Excellence 01 Very Light Natural Blonde Hair Colour | 1 pack,$24.00,$24.00 per 1ea
Maybelline Tattoo Studio Clear Brow Lift | 17g,$28.00,$16.47 per 10g
Fudge Professional Clean Blonde Violet Purple Toning Shampoo | 250mL,$24.00,$9.60 per 100mL
Fudge Professional Clean Blonde Violet Purple Toning Conditioner | 250mL,$24.00,$9.60 per 100mL
,$24.00,$9.60 per 100mL
Invisible Zinc Face & Body SPF 50 Sunscreen | 150g,$30.00,$20.00 per 100g
Cenovis Men's Multivitamin Capsules Multi For Energy | 100 pack,$18.00,$18.00 per 100ea | Was $24.00 on Oct 2022
Nature's Way Vita Gummies Family Multi Vitamin | 180 pack,$27.00,$0.15 per 1ea
Revlon Colorstay Overtime #36 Endless Spice Lipcolor | 2mL,$30.00,$150.00 per 10mL
Revlon Colorstay Overtime #42 Bare Maximum Lipcolor | 2mL,$30.00,$150.00 per 10mL
Swisse Kids Rest & Restore Chewable Tablets | 60 pack,$25.00,$0.42 per 1ea
Wyld Supplement Tablets Man | 60 pack,$27.00,$0.45 per 1ea
Swisse Mens Multi Vegan | 30 pack,$23.00,$0.77 per 1ea
L'Oreal Preference Vivids 3.161 Magnetic Plum | 1 pack,$24.00,$24.00 per 1ea
L'Oreal Preference Vivids 9.213 Rose Gold | 1 pack,$24.00,$24.00 per 1ea
Gillette Fusion ProGlide Limited Edition Gift Pack | 1 pack,$30.00,$30.00 per 1ea
Herron Nicaway Mint Chewing Gum 4mg | 96 pack,$20.00,$0.21 per 1ea | Was $28.00 on Oct 2022
Naturopathica Gastro Health Probiotic Capsules for Woman's Health | 30 pack,$20.00,$66.67 per 100ea | Was $29.50 on Jul 2022
Nivea Cellular Antiage Day Cream SPF 15 | 50mL,$33.00,$66.00 per 100mL
Nature's Own Complete Sleep Advanced Tablets | 30 pack,$21.15,$70.50 per 100ea
Revlon Photoready Perfecting Makeup Primer | 27mL,$33.00,$12.22 per 10mL
Revlon Light / Medium Mineral Make Up Powder | 28.3g,$33.00,$11.66 per 10g
Revlon Photoready Mattifying Pore Reducing Primer | 30mL,$33.00,$11.00 per 10mL
Swisse Ultiboost Memory + Focus Tablets | 50 pack,$29.00,$0.58 per 1ea
,$27.00,$10.80 per 100mL
,$27.00,$10.80 per 100mL
L'Oreal Excellence Cools 3.11 Ultra Ash Dark Brown | 1 pack,$24.00,$24.00 per 1ea
L'Oreal Excellence Cools 6.11 Ultra Ash Dark Blonde | 1 pack,$24.00,$24.00 per 1ea
Swisse Ultiboost Magnesium Gummies | 60 pack,$15.00,$0.25 per 1ea | Was $25.00 on Sep 2022
Swisse Calm + Sleep Gummies | 60 pack,$15.00,$0.25 per 1ea | Was $25.00 on Sep 2022
Blackmores Bio Magnesium Muscle Health Tablets | 100 pack,$28.00,$28.00 per 100ea
Invisible Zinc Tinted Daywear SPF 30 Light | 50g,$32.00,$64.00 per 100g
Nature's Own Ultra Vitamin B 150 Forte Tablets | 60 pack,$32.00,$0.53 per 1ea
Nicorette Quit Smoking Regular Strength Nicotine Gum Icy Mint | 75 pack,$30.00,$30.00 per 1ea
Nicorette Quit Smoking Extra Strength Nicotine Gum Icy Mint | 75 pack,$30.00,$30.00 per 1ea
Nicorette Quit Smoking Extra Strength Nicotine Gum Classic | 75 pack,$30.00,$30.00 per 1ea
Blackmores Bio C + Cold Fighter | 60 pack,$30.00,$0.50 per 1ea
Nature's Way Beauty Collagen Liquid | 500mL,$29.40,$5.88 per 100mL
Metamucil Lemon Lime 114 Dose | 673g,$35.90,$5.33 per 100g
Goli Ashwagandha Gummies | 60 pack,$30.00,$50.00 per 100ea
Nature's Own Valerian Forte 2000mg Capsules | 60 pack,$34.00,$0.57 per 1ea
Metamucil Natural Granular 114 Dose | 798g,$35.90,$4.50 per 100g
Swisse Ultiboost Hair Skin + Nails Tablets | 100 pack,$34.50,$0.35 per 1ea
Rescue Sleep Spray | 20mL,$28.50,$142.50 per 100mL
Poise 2-in-1 Period & Incontinence Underwear Black Size 12-14 | 1 pack,$30.00,$30.00 per 1ea
Poise 2-in-1 Period & Incontinence Underwear Black Size 14-16 | 1 pack,$30.00,$30.00 per 1ea
Poise 2-in-1 Period & Incontinence Underwear Black Size 16-18 | 1 pack,$30.00,$30.00 per 1ea
Blackmores Super Strength CoQ10 300mg Heart Tablets | 30 pack,$25.00,$0.83 per 1ea | Was $34.50 on Nov 2022
Swisse Ultiboost Magnesium Tablets | 120 pack,$37.00,$30.83 per 100ea
Swisse Ultibiotic Daily Digestive Probiotic 30 Capsules | 1 pack,$34.00,$34.00 per 1ea
Swisse Ultiboost Immune Action | 60 pack,$30.00,$50.00 per 100ea
Swisse Beauty Collagen Renew Powder | 120g,$30.00,$25.00 per 100g
Nature's Way Beauty Hyaluronic Acid Tablets | 40 pack,$35.00,$87.50 per 100ea
Nicorette Quit Smoking Nicotine 16 hour Invisipatch Step 1 25mg | 7 pack,$33.00,$4.71 per 1ea | Was $37.00 on Oct 2022
Blackmores Lutein Defence Eye Care Vitamin Tablets | 60 pack,$28.00,$46.67 per 100ea | Was $41.00 on Nov 2022
Life Space Probiotics + Micro Flora | 40 pack,$34.00,$0.85 per 1ea
L'Oreal Revitalift Concentrated Serum | 30mL,$40.00,$133.34 per 100mL
Tom Organic The Period Cup | 1 each,$42.00,$42.00 per 1ea
Swisse Beauty Collagen Glow With Collagen Peptides Tablets | 60 Pack,$36.00,$60.00 per 100ea
Vs The Total Groom For Men | 1 pack,$34.50,$34.50 per 1ea
Gillette Venus Deluxe Smooth Swirl Razor Blade Refills | 8 pack,$41.49,$5.19 per 1ea
Nature's Own Vision Support Chewable Tablets | 130 pack,$38.00,$38.00 per 1ea
Nicorette Invisipatch 15Mg | 7 pack,$33.00,$4.71 per 1ea | Was $37.00 on Oct 2022
,$42.00,$0.53 per 1ea | Was $44.00 on Oct 2022
Nicorette Quit Smoking Extra Strength Cooldrops Nicotine Lozenge Icy Mint | 80 pack,$42.00,$0.53 per 1ea | Was $44.00 on Oct 2022
,$35.00,$35.00 per 1ea
Blackmores Conceive Well Gold Preconception | 1 pack,$40.00,$40.00 per 1ea
Nicabate Extra Fresh 2mg Gum | 100 pack,$31.00,$0.31 per 1ea | Was $36.00 on Nov 2022
Metamucil  Orange 72 Doses | 850g,$39.00,$4.59 per 100g
Nicorette Quit Smoking Extra Strength Nicotine Lozenge Fruitdrops | 80 pack,$42.00,$0.53 per 1ea | Was $44.00 on Oct 2022
Nicorette Quit Smoking Regular Strength Nicotine Lozenge Fruitdrops | 80 pack,$42.00,$0.53 per 1ea | Was $44.00 on Oct 2022
Swisse Ultivite Women's Multivitamins Tablets | 60 pack,$30.00,$50.00 per 100ea
Gillette Fusion Proglide Manual Razor Blades | 8 pack,$54.00,$6.75 per 1ea
Nature's Own High Strength Cranberry 50000mg Capsules | 90 pack,$43.50,$0.48 per 1ea
Nature's Way Glucosamine 1500mg Tablets | 200 pack,$40.00,$20.00 per 100ea
L'Oreal Age Perfect Golden Age Rosy Radiant Eye Cream | 15mL,$40.00,$266.68 per 100mL
Gillette Skinguard Razor Blades | 8 pack,$50.00,$6.25 per 1ea
Nicabate CQ Patches Clear 14mg | 7 pack,$35.00,$5.00 per 1ea
Nicabate CQ Patches Clear 21mg | 7 pack,$35.00,$5.00 per 1ea
Nicorette Quickmist Smart Track | 1 pack,$40.00,$40.00 per 1ea | Was $45.00 on Oct 2022
Gillette Fusion Proglide Power Razor Blades | 8 pack,$60.00,$7.50 per 1ea
Blackmores Pregnancy & Breastfeeding Gold Capsules | 120 pack,$46.00,$0.38 per 1ea
Herron Nicaway Mini Lozenges 4mg | 162 pack,$45.00,$0.28 per 1ea
Oral B Pro 100 Family Edition Frozen Or Starwars Electric Toothbrush | 1 each,$65.00,$65.00 per 1ea | Was $130.00
Scholl Velvet Express Pedi Prime | 1 pack,$35.00,$35.00 per 1ea | Was $55.00 on May 2020
L'Oreal Revitalift Laser Renew Eye Cream | 15mL,$50.00,$333.36 per 100mL
Nature's Own Magnesium Chelate 500mg Capsules | 300 pack,$47.00,$0.16 per 1ea
Swisse Ultivite Women's 50+ Multivitamin Tablets | 60 pack,$36.00,$60.00 per 100ea
Nicorette Quit Smoking Regular Strength Nicotine Gum Spearmint | 150 pack,$49.99,$0.33 per 1ea
Nicorette Quit Smoking Extra Strength Nicotine Gum Spearmint | 150 pack,$49.99,$0.33 per 1ea
Nicorette Quit Smoking Regular Strength Nicotine Gum Classic | 150 pack,$49.99,$0.33 per 1ea
Nicorette Quit Smoking Extra Strength Nicotine Gum Classic | 150 pack,$49.99,$0.33 per 1ea
Colgate Proclinical 250R Charcoal With Refill | 1 pack,$50.00,$50.00 per 1ea
Swisse High Strength Organic Spirulina Tablets | 200 pack,$48.00,$24.00 per 100ea
Gillette Labs Razor Blades Refills | 8 pack,$60.00,$7.50 per 1ea
Nicorette Quit Smoking QuickMist Nicotine Mouth Spray Freshmint | 2 pack,$70.00,$35.00 per 1ea | Was $75.00 on Oct 2022
Nicorette Quit Smoking QuickMist Nicotine Mouth Spray Cool Berry | 2 pack,$70.00,$265.15 per 100g | Was $75.00 on Oct 2022
Swisse Ultivite Mens 50+ Tablets | 90 pack,$60.00,$66.67 per 100ea
Swisse Ultivite Women's Multivitamin Tablets | 120 pack,$34.00,$28.33 per 100ea | Was $57.00 on May 2022
Braun Silk Epil 5 Legs Epilator | 1 pack,$99.00,$99.00 per 1ea
Oral B Pro 2000 Dual Handle Electric Toothbrush  | 1 each,$144.50,$144.50 per 1ea | Was $289.00
Imodium Advanced Diarrhoea Plus Wind Pain Chewable Tablets Mint Flavour | 6 pack,$11.00,$1.83 per 1ea
Schwarzkopf Colour Specialist 1.0 Opulent Black Hair Colour | 1 pack,$20.00,$20.00 per 1ea
Garnier Fructis Coconut Water Nutri-Repair Shampoo | 850mL,$16.00,$1.88 per 100mL
Garnier Fructis Nutri-Repair 3 Conditioner | 850mL,$16.00,$1.88 per 100mL
Maybelline Instant Age Rewind Eraser Dark Circles Fair Concealer | 6mL,$21.00,$35.00 per 10mL
Life-Space Double Strength Probiotic Capsules | 20 pack,$28.00,$1.40 per 1ea
Thankyou Botanical Cedarwood Body Wash | 500mL,$8.00,$1.60 per 100mL
VS Sassoon Led Lighted Mirror | 1 pack,$30.00,$30.00 per 1ea
Covergirl Trublend Undercover Concealer Fair Porcelain | 10mL,$19.00,$19.00 per 10mL
Revlon So Fierce Blackest Black Mascara | 7.5mL,$24.00,$32.00 per 10mL
Salon Style Replenishing Conditioner | 900mL,$4.00,$0.44 per 100mL
Salon Style Replenishing Shampoo | 900mL,$4.00,$0.44 per 100mL
Nature's Own Activated Methyl B12 Vitamin B Tablets For Energy | 60 pack,$24.00,$40.00 per 100ea
Nature's Own Calcium Magnesium & Vitamin D Tablets | 120 pack,$19.60,$16.33 per 100ea
Swisse Ultiboost Vitamin D Capsules | 400 pack,$36.50,$0.09 per 1ea
Revlon Super Lustrous Matte Lipstick Pick Me Up | 4.2g,$26.00,$61.91 per 10g
Revlon Super Lustrous Matte Lipstick Show Off | 4.2g,$26.00,$61.91 per 10g
Urbane Mess Trimming Beard Kit | 1 each,$15.00,$15.00 per 1ea
,$23.00,$13.69 per 100g
Schwarzkopf Specialist 4.0 Medium Natural Brown | 1 pack,$20.00,$20.00 per 1ea
Schwarzkopf Extra Care Blonde Toner | 250mL,$16.00,$6.40 per 100mL
Schwarzkopf Extra Care Blonde Purple Shampoo | 250mL,$16.00,$6.40 per 100mL
Pain Away Forte+ Ultra Pro Pain Relief Spray | 100mL,$18.00,$18.00 per 100mL
Swisse Beauty Collagen Glow Powder | 120g,$30.00,$25.00 per 100g
Cenovis Garlic Capsules For Immune Support | 60 pack,$10.30,$0.17 per 1ea
Pentavite Kids Gummies Multivitamin | 60 pack,$16.00,$26.67 per 100ea
Lifespace Pregancy & Breastfeeding Probotic Capsules | 30 pack,$28.00,$0.93 per 1ea
Helios Polish Nail  Square Nude Matte | 24 pack,$16.00,$0.67 per 1ea
One Of A Kind Body Wax Strips & 6 Wipes Vanilla & Coconut | 40 pack,$18.00,$0.45 per 1ea
Glow Lab Gel Cleanser | 140mL,$16.00,$11.43 per 100mL
Dermaveen Daily Nourish Moisturising Lotion | 1L,$25.00,$2.50 per 100mL
Garnier Fructis Aloe Shampoo | 350mL,$12.00,$3.43 per 100mL
Garnier Fructis Aloe Conditioner | 350mL,$12.00,$3.43 per 100mL
Glow Lab Hydrating Shampoo | 300mL,$20.00,$6.67 per 100mL
Glow Lab Treatment Hair Serum | 50mL,$20.00,$111.12 per 100mL
Glow Lab Treatment Hair Mask | 200mL,$20.00,$10.00 per 100mL
Swisse Beauty Bright Skin Capsules | 60 pack,$40.00,$0.67 per 1ea
Swisse Beauty Collagen & Hyaluronic Acid Tablets | 80 pack,$40.00,$0.50 per 1ea
Swisse UB Vitamin D Gummies | 60 pack,$15.00,$0.25 per 1ea | Was $25.00 on Sep 2022
Blackmores Women's Energy Effervescent Tablets | 20 pack,$18.50,$0.93 per 1ea
Oral B Cross Action Electric Brush Replacement Head | 5 pack,$42.00,$8.40 per 1ea
Maybelline Superstay 30H Sand Concealer | 6mL,$25.00,$41.67 per 10mL
Neutrogena Rapid Wrinkle Repair Retinol Pro+ Serum | 30mL,$60.00,$200.01 per 100mL
Elastoplast Green & Protect Adhesive Strip | 20 pack,$4.00,$0.20 per 1ea
Elastoplast Dressing Strip Green & Protect | 1m,$7.00,$7.00 per 1M
Garnier Fructis Watermelon 2In1 Shampoo Bar | 60g,$17.00,$28.33 per 100g
Garnier Fructis Banana 2In1 Shampoo Bar | 60g,$17.00,$28.33 per 100g
Fudge Professional Clean Blonde Voilet Toning Treatment | 200mL,$27.00,$13.50 per 100mL
Oc Naturals Kids 3 In 1 Berry Bliss | 500mL,$4.90,$0.98 per 100mL
Fudge Professional All Blonde Colour Lock Conditioner | 250mL,$24.00,$9.60 per 100mL
Pantene Nutrient Blends Fortifying Damage Repair Castor Oil Shampoo | 270mL,$18.00,$6.67 per 100mL
,$18.00,$6.00 per 1ea
Ultra Life Effervescent Energy Tropical Tablets | 60 pack,$30.00,$0.50 per 1ea
Ultra Life Effervescent Energy Berry Tablets | 60 pack,$30.00,$0.50 per 1ea
Dimetapp Kids 2+ Black Elderberry Cold & Flu Liquid | 200mL,$19.00,$9.50 per 100mL
Swisse Ultiboost High Strength Co-Enzyme Capsules | 30 pack,$33.00,$110.00 per 100ea
Henry Blooms Gut Health Step 3 Maintain Sachet | 30 pack,$33.00,$1.10 per 1ea
Tom Organic Period Brief Bikini Size S | 1 pack,$25.00,$25.00 per 1ea
Tom Organic Period Brief Bikini Size Medium | 1 pack,$25.00,$25.00 per 1ea
Tom Organic Period Brief Bikini Size Large | 1 pack,$25.00,$25.00 per 1ea
Tom Organic Period Brief Full Size Small | 1 pack,$27.00,$27.00 per 1ea
Tom Organic Period Briefs Full Size M | 1 pack,$27.00,$27.00 per 1ea
Tom Organic Period Briefs Full Size L | 1 pack,$27.00,$27.00 per 1ea
Tom Organic Period Briefs Full Size Xl | 1 pack,$27.00,$27.00 per 1ea
Revlon Colorstay Normal/Dry Longwear Makeup Nude | 30mL,$37.00,$12.33 per 10mL
Revlon Colorstay Normal/Dry Longwear Makeup Natural Beige | 30mL,$37.00,$12.33 per 10mL
Revlon Colorstay Normal/Dry Longwear Makeup Fresh Beige | 30mL,$37.00,$12.33 per 10mL
Revlon Colorstay Normal/Dry Longwear Makeup Natural Tan | 30mL,$37.00,$12.33 per 10mL
Revlon Colorstay Grip Matte Primer | 30mL,$33.00,$11.00 per 10mL
Revlon Colorstay Lock Setting Mist | 56mL,$27.00,$4.82 per 10mL
Ethical Zinc Daily Wear SPF 50+ Tinted Sunscreen Light | 100g,$25.00,$25.00 per 100g
Ocean Australia Natural Kids Sunscreen SPF50+ | 120g,$25.00,$20.83 per 100g
Dermaveen Sensitive Sunscreen SPF50+ | 100g,$15.00,$15.00 per 100g
Palmolive Liquid Hand Wash Skin Food Quandong Peach | 500mL,$10.00,$2.00 per 100mL
Palmolive Liquid Hand Wash Skin Food Desert Lime | 500mL,$10.00,$2.00 per 100mL
Palmolive Liquid Hand Wash Skin Food Davidson Plum | 500mL,$10.00,$2.00 per 100mL
Palmolive Body Wash Skin Food Quandong Peach | 1L,$15.00,$1.50 per 100mL
Palmolive Body Wash Skin Food Davidson Plum | 1L,$15.00,$1.50 per 100mL
Schwarzkopf Brilliance 73 Cool Frosty Browns | 1 pack,$18.00,$18.00 per 1ea
Schwarzkopf Brilliance Cool Browns 81 Truffle Brown | 1 pack,$18.00,$18.00 per 1ea
Schwarzkopf Live Colour Pastels Lilac Blush | 75mL,$14.00,$18.67 per 100mL
Schwarzkopf Live Colour Permanent Purple Punk | 1 pack,$15.00,$15.00 per 1ea
Schwarzkopf Live Colour Permanent 3.0 Dark Brown | 1 pack,$15.00,$15.00 per 1ea
Schwarzkopf Live Colour Permanent 1.1 Blue Black | 1 pack,$15.00,$15.00 per 1ea
Clairol Nice'N Easy 8 Medium Blonde | 1 pack,$9.70,$9.70 per 1ea | Was $14.00 on Oct 2022
Clairol Nice'N Easy 6R Light Auburn | 1 pack,$9.70,$9.70 per 1ea | Was $14.00 on Oct 2022
Clairol Nice'N Easy 3.5Bg Dark Burgundy | 1 pack,$9.70,$9.70 per 1ea | Was $14.00 on Oct 2022
Bondi Sands Body Wash Tropical Rum | 500mL,$13.00,$2.60 per 100mL
Cancer Council Sunscreen Sport SPF50+ | 500mL,$29.00,$5.80 per 100mL
Brutal Truth 3 In 1 Body Hair Face Wash | 300mL,$13.00,$4.33 per 100mL
Flawless Dermaplane | 1 each,$50.00,$50.00 per 1ea
Ultra Life Womens Multivitamins | 120 pack,$30.00,$0.25 per 1ea
Morlife Alkalising Greens Berry Burst 10g | 14 pack,$30.00,$2.14 per 1ea
Swisse Gummies Iron | 50 pack,$15.00,$0.30 per 1ea
Cancer Council Mineral CC Cream Medium SPF50 | 50g,$21.00,$42.00 per 100g
Swisse Gummies B+ Energy | 50 pack,$15.00,$0.30 per 1ea | Was $25.00 on Sep 2022
Swisse High Strength Marine Collagen | 60 pack,$40.00,$0.67 per 1ea
Swisse Womens Multi Vegan | 30 pack,$23.00,$0.77 per 1ea
Swisse Beauty Multi Collagen Complex | 60 pack,$35.00,$0.58 per 1ea
Brutal Truth Facial Cleanser | 150mL,$13.00,$8.67 per 100mL
Mine Tan Coconut Water 1 Hour Express Self Tan Foam | 200mL,$30.00,$15.00 per 100mL
Le Tan Uber Fast Tanning Foam Violet Base | 200mL,$30.00,$15.00 per 100mL
Mine Tan Skin Rejuvenating 1 Hour Express Self Tan Foam | 200mL,$30.00,$15.00 per 100mL
Mine Tan Sweat Resistant 1 Hour Express Tan | 200mL,$30.00,$15.00 per 100mL
Covergirl Simply Ageless Concealer Buff Beige | 7.3mL,$23.00,$31.51 per 10mL
Covergirl Simply Ageless 3 In 1 Plumping Mascara | 12mL,$26.00,$21.67 per 10mL
Herbal Essences Drama Clean Conditioner | 300mL,$7.00,$2.33 per 100mL
Swisse Ultiboost Odorless Fish Oil 1000mg | 200 pack,$23.00,$11.50 per 100ea
Metamucil Daily Fibre Supplement Fibre Caps | 160 pack,$39.50,$0.25 per 1ea
John Frieda Frizz Ease 3 Day Straight Spray | 103mL,$18.00,$17.48 per 100mL
John Frieda Frizz Ease 3 Day Straight Spray | 103mL,$18.00,$17.48 per 100mL
My Dog Food Classic Loaf With Tender Chicken Adult Wet Dog | 100g,$1.35,$1.35 per 100g | Was $1.70
Fancy Feast Classic Savoury Salmon Cat Food | 85g,$1.80,$2.12 per 100g
Fancy Feast Classic Cat Food Chicken Prime Fillet | 85g,$1.80,$2.12 per 100g
Fancy Feast Classic Cat Food Turkey Prime Fillet | 85g,$1.80,$2.12 per 100g
Dine Creamy Treats Tuna And Salmon Flavour Cat Treat | 4 pack,$2.60,$5.42 per 100g | Was $3.75
Vitapet Chicken Tenders Dog Treat | 200g,$14.50,$7.25 per 100g
Whiskas 1+ Years Wet Cat Food Chicken Mince Can | 400g,$2.60,$0.65 per 100g
Fussy Cat Grain Free Adult Chilled Fresh Cat Food Prime Steak Mince | 450g,$6.50,$1.44 per 100g
Dine Creamy Treats Cat Food Mixed Seafood | 4 pack,$2.60,$5.42 per 100g | Was $3.75
Fussy Cat Grain Free Adult Dry Cat food Chicken & Turkey With Cranberry | 500g,$5.50,$1.10 per 100g
,$6.50,$1.44 per 100g
Fancy Feast Classic Cat Food Gravy Lovers Beef | 85g,$1.80,$2.12 per 100g
Fancy Feast Classic Cat Food Tender Chicken & Liver | 85g,$1.80,$2.12 per 100g
Bow Wow Beef & Kangaroo Roll Dog Treats | 1 pack,$3.50,$3.50 per 1ea
Felix Sensations Jellies Fishy Selection Cat Food | 12 pack,$9.50,$0.93 per 100g | Was $13.50
Felix Sensations Jellies  Favourites Menu Cat Food  12x85g | 12 pack,$9.50,$0.93 per 100g | Was $13.50
Whiskas Chicken And Rabbit Adult Dry Cat Food | 800g,$4.80,$0.60 per 100g | Was $6.00
Fancy Feast Creamy Delights With Grilled Tuna Cat Food | 85g,$1.80,$2.12 per 100g
Nature's Gift Adult Chilled Fresh Dog Food Deli Roll Beef Potato Carrots & Peas | 200g,$1.70,$0.85 per 100g
Fancy Feast Classic Cat Food Chicken Feast In Gravy | 85g,$1.80,$2.12 per 100g
Dine Creamy Treats Tuna Flavour Cat Food 12g | 4 pack,$2.60,$5.42 per 100g | Was $3.75
Whiskas 1+ Years Wet Cat Food With Beef Mince Can | 400g,$2.60,$0.65 per 100g
Coles Cat Litter Clumping | 4.5kg,$3.90,$0.87 per 1kg
Vitapet Jerhigh Chicken Sticks Dog Treats | 100g,$6.00,$6.00 per 100g
,$1.35,$1.35 per 100g | Was $1.70
Vitapet Jerhigh Milky Sticks Puppy Dog Treats | 100g,$6.00,$6.00 per 100g
Love'em Dog Training Treats Chicken | 200g,$3.00,$1.50 per 100g | Was $3.50
Fussy Cat Grain Free Salmon & Oceanfish With Olive Oil Dry Cat food | 500g,$5.50,$1.10 per 100g
,$1.35,$1.35 per 100g | Was $1.70
Fancy Feast Classic Cat Food Salmon Prime Fillet | 85g,$1.80,$2.12 per 100g
Fancy Feast Classic Cat Food Tuna Prime Fillet | 85g,$1.80,$2.12 per 100g
V.I.P Paws Adult Chilled Fresh Dog Food Reg Diced Tender Chicken | 600g,$5.50,$0.92 per 100g
,$4.00,$0.80 per 1ea | Was $5.00 on Jan 2021
Fancy Feast Dry Cat Food Beef Salmon Cheese | 450g,$6.50,$1.44 per 100g
Love'em Dog Treats Beef Liver | 200g,$9.60,$4.80 per 100g | Was $12.00
My Dog Classic Loaf With Succulent Kangaroo Adult Wet Dog Food | 100g,$1.35,$1.35 per 100g | Was $1.70
My Dog Adult Wet Dog Food Beef Liver Tray | 100g,$1.35,$1.35 per 100g | Was $1.70
Fancy Feast Classic Cat Food Chicken Feast Chunky | 85g,$1.80,$2.12 per 100g
Dine Cuts In Gravy With Turkey Wet Cat Food 85g Tray | 7 pack,$6.00,$1.01 per 100g | Was $9.00
Temptations Tasty Chicken Flavour Cat Treats | 180g,$7.00,$3.89 per 100g | Was $9.00
Temptations Hearty Beef Flavour Cat Treats | 180g,$7.00,$3.89 per 100g | Was $9.00
,$1.70,$0.85 per 100g
Applaws Tuna Fillet Canned Cat Food | 70g,$1.85,$2.64 per 100g | Was $2.20
Dine Tuna & Prawn Flavour Creamy Treats Cat Food 12g | 4 pack,$2.60,$5.42 per 100g | Was $3.75
Whiskas 1+ Years Wet Cat Food Lamb Mince Can | 400g,$2.60,$0.65 per 100g
Vitapet Chewz Chicken Wrapped Rawhide Sticks Dog Treat | 18 pack,$16.50,$0.92 per 1ea
My Dog Classic Loaf With Juicy Lamb Tray Adult Wet Dog Food | 100g,$1.35,$1.35 per 100g | Was $1.70
Dine Fresh And Fine Chunks In Gravy With Salmon And Tuna Cat Food Pouch 6x50g | 6 pack,$4.00,$1.33 per 100g | Was $6.00
Pedigree Dentastix Medium Dog Treats Daily Oral Care Dental Chews | 7 pack,$6.00,$0.86 per 1ea
Love Em Jerky Bites Dog Treat Chicken | 200g,$6.00,$3.00 per 100g
Pedigree Dentastix Large Dog Treats Daily Oral Care Dental Chews | 7 pack,$6.00,$0.86 per 1ea
Prime Pantry Jerky Dog Treat Chicken | 100g,$7.50,$7.50 per 100g
Dine Saucy Morsels With Salmon Wet Cat Food Tray | 85g,$0.95,$1.12 per 100g | Was $1.40
My Dog Classic Loaf With Gourmet Beef Tray Adult Wet Dog Food | 100g,$1.35,$1.35 per 100g | Was $1.70
Coles Compost Pet Tidy Bags | 40 pack,$2.50,$0.06 per 1ea
Schmackos Strapz With Beef Dog Treats | 200g,$5.60,$2.80 per 100g | Was $7.00
,$12.00,$0.80 per 100g
Pet Treat Bar Peanut Butter Dog Biscuits | approx. 100g,$6.00,$60.00 per 1kg
Applaws Cat Food Tuna With Prawn | 70g,$1.85,$2.64 per 100g | Was $2.20
4 Legs Natural Wellness Boost With Chicken Vegies & Fruit Meatball Dog Food Tray | 870g,$4.75,$0.55 per 100g | Was $7.00
Temptations Seafood Medley Flavour Cat Treats | 180g,$7.00,$3.89 per 100g | Was $9.00
Purina Felix Doubly Delicious Meat Selection In Jelly | 12 pack,$9.50,$0.93 per 100g | Was $13.50
Dine Cuts In Gravy With Lamb Wet Cat Food Tray | 85g,$0.95,$1.12 per 100g | Was $1.40
Dine Pulled Menu Chicken Cat Food | 85g,$1.10,$1.29 per 100g | Was $1.60
Fussy Cat Grain Free Crunchers Adult Cat Treats With Beef & Liver | 100g,$3.50,$3.50 per 100g
Fussy Cat Grain Free Crunchers Adult Cat Treats Chicken | 100g,$3.50,$3.50 per 100g
Breeders Choice Cat Litter Paper | 24L,$28.00,$1.17 per 1L
Dine Tuna & Salmon Melting Soup Cat Food | 40g,$0.95,$2.38 per 100g | Was $1.40
Applaws Tuna Fillet with Seaweed Canned Cat Food | 70g,$1.85,$2.64 per 100g | Was $2.20
,$4.75,$0.55 per 100g | Was $7.00
,$6.00,$0.43 per 100g
Fancy Feast Dry Cat Food Tuna Prawn Mackerel Crab | 450g,$6.50,$1.44 per 100g
Coles Cat Food Mince With Chicken Gravy Adult | 400g,$1.50,$0.38 per 100g
Fussy Cat Grain Free Crunchers Adult Cat Treats With Kangaroo | 100g,$3.50,$3.50 per 100g
Bow Wow Pig Ear Dog Treats | 1 each,$3.00,$3.00 per 1ea
Pedigree Dentastix Small Dog Treats Daily Oral Care Dental Chews | 7 pack,$6.00,$0.86 per 1ea
Fancy Feast Creamy Delights With Pate Salmon Cat Food | 85g,$1.80,$2.12 per 100g
Fussy Cat Grain Free Adult Chilled Fresh Cat Food Tartare with Kangaroo | 70g,$2.50,$3.57 per 100g
Temptations Tasty Chicken Flavour Cat Treats | 85g,$5.00,$5.88 per 100g
Fancy Feast Adult Salmon & Oceanfish Cat Food | 450g,$6.50,$1.44 per 100g
Breeders Choice Cat Litter Paper | 15L,$20.00,$1.33 per 1L
Pet Treat Bar Goat Horns Cut 4-5 Inch | approx. 100g,$6.00,$60.00 per 1kg
Purr Tuna with Chicken Liver in Jelly Cat Food | 85g,$1.20,$1.41 per 100g
Fancy Feast Classic Cat Food Kitten Whitefish Feast | 85g,$1.80,$2.12 per 100g
Fussy Cat Grain Free Adult Wet Cat food Chicken & Turkey With Cranberry | 400g,$2.50,$0.63 per 100g
Bow Wow Chicken Fillets Dog Treat | 1 pack,$3.00,$3.00 per 1ea
Nature's Gift Loaf With Beef Vegetables And Barley Dog Food | 700g,$2.50,$0.36 per 100g | Was $3.00 on Sep 2022
V.I.P Chunkers Adult Chilled Fresh Dog Food Chicken Meatballs | 1kg,$5.00,$5.00 per 1kg
,$5.50,$0.79 per 100g
,$6.50,$1.44 per 100g
Purina Felix As Good As It Looks Favourite Selection Cat Food | 12 pack,$9.50,$0.93 per 100g | Was $13.50
Bow Wow Pigs Ears Dog Treats | 5 pack,$14.00,$2.80 per 1ea
Nature's Gift Adult All Breeds Dry Dog Food With Beef | 2.5kg,$10.50,$0.42 per 100g
Purr Tasty Tuna Whitemeat Cat Food | 85g,$1.20,$1.41 per 100g
Dine Melting Soup Tuna & Chicken Wet Cat Food Pouch | 40g,$0.95,$2.38 per 100g | Was $1.40
,$1.35,$1.35 per 100g | Was $1.70
Applaws Chicken Breast Cat Food | 70g,$1.85,$2.64 per 100g | Was $2.20
Fancy Feast Savory Centers Salmon Pate Cat Food | 85g,$2.50,$2.94 per 100g
4 Legs Slow Cooked Chicken Sweet Potato Green Beans & Barley Dog Food | 250g,$3.00,$1.20 per 100g | Was $5.00
My Dog Classic Loaf With Gourmet Beef Can Wet Dog Food | 400g,$3.00,$0.75 per 100g
Pedigree Homestyle Beef Pasta & Vegies Adult Wet Dog Food Can | 700g,$3.50,$0.50 per 100g
,$4.00,$1.33 per 100g | Was $6.00
No Vac Pet Foam Carpet Sanitiser & Deodoriser | 290g,$4.15,$1.43 per 100g | Was $5.20
Whiskas Sardine And Tuna 7+ Years Dry Cat Food | 800g,$4.80,$0.60 per 100g | Was $6.00
Bow Wow Super Snacks Grain Free Kangaroo Spinach & Kale Sticks Dog Treat | 5 pack,$4.00,$0.80 per 1ea | Was $5.00 on Jan 2021
,$5.50,$0.79 per 100g
Fussy Cat Grain Free Adult Dry Cat food Beef & Kangaroo With Sweet Potato | 500g,$5.50,$1.10 per 100g
Vitapet Jerhigh Chicken Tenders Dog Treats | 100g,$9.00,$9.00 per 100g
Fussy Cat Grain Free Adult Dry Cat food Salmon & Oceanfish With Olive Oil | 2.5kg,$22.00,$0.88 per 100g
My Dog Select Toppings With Tender Chicken & Cheese Adult Wet Dog Food | 100g,$1.35,$1.35 per 100g | Was $1.70
Nature's Gift Kangaroo Rice And Vegetable Dog Food | 700g,$2.50,$0.36 per 100g | Was $3.00 on Sep 2022
Whiskas Kitten Chicken And Tuna Adult Dry Cat Food | 800g,$4.80,$0.60 per 100g | Was $6.00
Dine Tuna Mornay Topped With Cheese Cat Food Multipack | 7 pack,$6.00,$1.01 per 100g | Was $9.00
Fussy Cat Grain Free Adult Dry Cat Food Chicken & Turkey With Cranberry | 2.5 Kg,$22.00,$0.88 per 100g
,$11.00,$1.08 per 100g
Dine Slices With Chicken Wet Cat Food Tray | 85g,$0.95,$1.12 per 100g | Was $1.40
Dine Cuts In Gravy with Beef & Liver Wet Cat Food Tray | 85g,$0.95,$1.12 per 100g | Was $1.40
Ultimates Indulge Whitemeat Tuna With Fish Roe & Chicken Breast Adult Cat Food | 85g,$1.75,$2.06 per 100g
,$1.90,$0.48 per 100g | Was $3.50
,$3.50,$0.51 per 100g
,$3.50,$0.50 per 100g
Nood Dog Treats Chicken Bites | 100g,$4.50,$4.50 per 100g | Was $7.00
Whiskas Furball Sardine And Prawn Adult Dry Cat Food | 800g,$4.80,$0.60 per 100g | Was $6.00
Dine Classic Terrine With Chicken Cat Food Multipack 7x85g | 7 pack,$6.00,$1.01 per 100g | Was $9.00
Prime Pantry Jerky Dog Treat Kangaroo | 100g,$7.50,$7.50 per 100g
Coles Silica Gel Cat Litter Crystals | 3.6kg,$21.50,$5.97 per 1kg
Pet Treat Bar Salmon Training Treat | approx. 100g,$6.00,$60.00 per 1kg
My Dog Adut Wet Dog Food Chicken Fillets In Gravy Tray | 100g,$1.35,$1.35 per 100g | Was $1.70
Optimum Grain Free Salmon Sweet Potato & Carrots Wet Dog Food Trays | 85g,$1.80,$2.12 per 100g
Fancy Feast Royale Tuna Shrimp Cat Food | 85g,$2.50,$2.94 per 100g
Whiskas 1+ Years Wet Cat Food Tuna Can | 400g,$2.60,$0.65 per 100g
,$3.00,$1.20 per 100g | Was $5.00
V.I.P Paws Fresh Meat Portions Dog Food 5X90Gram | 5 pack,$3.00,$6.67 per 1kg | Was $3.75
Temptations Cat Treats Creamy Dairy | 85g,$5.00,$5.88 per 100g
Catlux Light Clumping Cat Litter | 6L,$8.00,$1.33 per 1L
Trill Bird Seed Budgie Mix | 1.8kg,$6.00,
Felix Sensations Sauce Meat Selection Cat Food 85g | 12 pack,$9.50,$0.93 per 100g | Was $13.50
,$12.50,$1.30 per 100g
Pedigree Dentastix Large Dog Treats Daily Oral Care Dental Chew | 28 pack,$15.50,$0.55 per 1ea | Was $22.50
Pet Treat Bar Beef Trachea | approx. 100g,$6.00,$60.00 per 1kg
Breeders Choice Choice Cat Litter Paper | 6L,$9.00,$1.50 per 1L
Fancy Feast Medleys Wild Salmon Florentine Cat Food | 85g,$2.20,$2.59 per 100g
Purr Succulent Red Snapper & Tuna In Gravy Cat Food | 85g,$1.20,$1.41 per 100g
Fancy Feast Savory Centers Chicken Pate Cat Food | 85g,$2.50,$2.94 per 100g
Prime Pantry Nibbles Cat Treat Salmon | 40g,$3.20,$8.00 per 100g
,$6.00,$0.43 per 100g
Whiskas Milk Plus Cat Treat | 1L,$4.00,$0.40 per 100mL | Was $4.80 on Oct 2022
Wag Single Ingredient Beef Jerky Dog Treat | 100g,$6.00,$6.00 per 100g | Was $7.50
My Dog Adult Wet Dog Food Classic Loaf With Gourmet Beef 6x100G Trays | 6 pack,$9.50,$1.58 per 100g
My Dog With Gourmet Beef And Roast Vegetable Flavour Dry Dog Food | 1.5kg,$12.00,$0.80 per 100g
Pet Treat Bar Kangaroo Tail Segments | approx. 100g,$6.00,$60.00 per 1kg
Fancy Feast Medleys White Meat Chicken Florentine & Garden Greens Cat Food | 85g,$2.20,$2.59 per 100g
Dine Fine Flakes Tuna & Whitebait Wet Cat Food Pouch | 35g,$0.95,$2.71 per 100g | Was $1.40
Farmers Market Adult Wet Dog Food Chicken Loaf With Carrots and Peas | 400g,$1.90,$0.48 per 100g | Was $3.50
Fancy Feast Royale Virgin Flaked Tuna Cat Food | 85g,$2.50,$2.94 per 100g
My Dog Classic Loaf With Juicy Lamb & Hearty Liver Can Wet Dog Food | 400g,$3.00,$0.75 per 100g
V.I.P Chunkers Adult Chilled Fresh Dog Food Meatballs Lamb | 1kg,$5.00,$5.00 per 1kg
Schmackos Chomp N Chew Large Dog With Beef Dog Treat | 1 Pack,$5.00,$5.00 per 1ea
Love'em Grain Free Dog Treats Beef Jerky With Tomato | 200g,$6.00,$3.00 per 100g
Bow Wow Pork Bones Twin Pack Dog Treats | 2 pack,$7.00,$3.50 per 1ea
Vitapet Chicken Wrapped Rawhide Dog Chews | 1 pack,$9.50,$9.50 per 1ea
4 Legs Lamb With Beetroot & Green Beans Dog Food Trays | 1.3kg,$8.00,$0.62 per 100g | Was $8.50 on Sep 2022
Purina Felix As Good As It Looks Meat Menu Cat Food | 12 pack,$9.50,$0.93 per 100g | Was $13.50
Whiskas 1+ Mixed Favourites In Jelly Cat Food 24x85g | 24 pack,$18.50,$0.91 per 100g
Whiskas Favourites Chicken In Jelly Cat Food 12x85g | 12 pack,$11.00,$1.08 per 100g
Coles Cat Food Beef & Liver | 400g,$1.50,$0.38 per 100g
Coles Cat Food Seafood Cocktail | 400g,$1.50,$0.38 per 100g
Schmackos Strapz Dog Treats With Hickory Smoked Ham | 200g,$5.60,$2.80 per 100g | Was $7.00
Nature's Gift Loaf Succulent Lamb Wet Dog Food 100g | 6 pack,$5.00,$0.83 per 100g | Was $6.00 on Sep 2022
Fancy Feast Petit Cuisine Tuna Salmon Cod Cat Food 6x50g | 6 pack,$6.30,$2.10 per 100g
Vitapet Soft Chicken Tenders Dog Treats | 100g,$9.00,$9.00 per 100g
My Dog Classic Loaf With Juicy Lamb 6X100G Wet Dog Food | 6 pack,$9.50,$1.58 per 100g
Pet Treat Bar Yoghurt Buttons | approx. 100g,$6.00,$60.00 per 1kg
Prime Pantry Nibbles Cat Treat Chicken | 40g,$3.20,$8.00 per 100g
Fancy Feast Creamy Delights With Grilled Chicken Cat Food | 85g,$1.80,$2.12 per 100g
Schmackos Dog Treat BBQ Lamb Kebab | 7 pack,$6.00,$0.86 per 1ea
Coles Tuna Adult Cat Food | 400g,$1.50,$0.38 per 100g
My Dog Adult 7+ With Tender Turkey Rice & Vegetable Medley Wet Dog Food | 100g,$1.35,$1.35 per 100g | Was $1.70
My Dog Adult Wet Dog Food Beef Fillets In Gravy Tray | 100g,$1.35,$1.35 per 100g | Was $1.70
Applaws Cat Treat Tuna Loin | 30g,$2.20,$7.33 per 100g | Was $2.80
Fussy Cat Grain Free Adult Wet Cat food Beef & Kangaroo With Sweet Potato | 400g,$2.50,$0.63 per 100g
Fussy Cat Grain Free Adult Chilled Fresh Cat Food Fine Mince with Chicken | 70g,$2.50,$3.57 per 100g
My Dog Classic Loaf With Tender Beef & Veal Can Wet Dog Food | 680g,$3.50,$0.51 per 100g | Was $4.50
Fussy Cat Grainfree Indoor Cat Food | 500g,$5.50,$1.10 per 100g
Wag Beef Bladder Sticks Dog Treat | 5 pack,$6.00,$1.20 per 1ea | Was $7.50
Coles Adult Chilled Fresh Dog Food Roll Beef Lamb | 3kg,$6.00,$0.20 per 100g
Dine Desire Wet Cat Food Pure Tuna Whitemeat Can 6x85g | 6 pack,$7.50,$1.47 per 100g | Was $11.50
,$7.50,$1.88 per 1ea
Coles Cat Food Pouch Fish Variety 85g | 12 pack,$6.00,$0.59 per 100g
My Dog Classic Loaf With Tender Chicken 6X100G Wet Dog Food | 6 pack,$9.50,$1.58 per 100g
Whiskas 1+ Years So Fishy Recipe Ocean Platter In Jelly Cat Food 85g | 12 pack,$13.00,$1.27 per 100g
Pet Treat Bar Semi Moist Beef Bites | approx. 100g,$6.00,$60.00 per 1kg
Purr Cat Food With Chicken Mince | 400g,$2.00,$0.50 per 100g
Whiskas 1+ Years Jellymeat Loaf Wet Cat Food Can | 400g,$2.60,$0.65 per 100g
Pups In The Pantry Mutt-Ello Choc Biscuits O's Dog Treat | 140g,$3.50,$2.50 per 100g
My Dog Classic Loaf With Succulent Kangaroo Can Wet Dog Food | 400g,$3.00,$0.75 per 100g
My Dog Classic Loaf With Wholesome Chicken & Turkey Can Wet Dog Food | 400g,$3.00,$0.75 per 100g
Pedigree Homestyle Lamb Pasta & Vegies Adult Wet Dog Food Can | 700g,$3.50,$0.50 per 100g
﻿Dine Fresh And Fine Chunks In Jelly With Chicken & Turkey Cat Food Pouch 6x50g | 6 pack,$4.00,$1.33 per 100g | Was $6.00
Farmers Market Australian Beef Jerky Strips Dog Treat | 165g,$4.20,$2.55 per 100g | Was $7.00
Nood Dog Treats Chicken Jerky | 70g,$4.50,$6.43 per 100g | Was $7.00
Coles Red Ribbon Spare Ribs Kangaroo & Honey | 5 pack,$5.00,$1.00 per 1ea
Pets Own Cat & Kitten Milk | 1L,$4.50,$0.45 per 100mL
Woofin Good Joints Dog Treat | 150g,$7.00,$4.67 per 100g
Schmackos Strapz With Liver Dog Treats | 200g,$5.60,$2.80 per 100g | Was $7.00
Dine Saucy Morsels With Ocean Fish Wet Cat Food 85g Tray | 7 pack,$6.00,$1.01 per 100g | Was $9.00
Purr Singles Cat Food Tuna Selection 6x85g | 6 pack,$5.70,$1.12 per 100g
Harmony Sunflower Seed | 1.5kg,$7.00,$0.47 per 100g
Lux & Bones Eco Poo Bags XL | 60 pack,$7.20,$0.12 per 1ea | Was $9.00
,$8.00,$0.27 per 100g
Prime 100 Dog Roll Chicken With Broccoli & Apple Dog Food | 1.7kg,$9.50,$0.56 per 100g
Purina Felix As Good As It Looks Kitten Menu Cat Food 85g Pouch | 12 pack,$9.50,$0.93 per 100g | Was $13.50
Whiskas So Meaty 1+ Years Wet Cat Food Meat Cuts In Gravy 85g Pouch | 12 pack,$13.00,$1.27 per 100g
Catsan Ultra Clumping Cat Litter | 7kg,$18.00,$2.57 per 1kg
Schmackos Strapz With Beef Dog Treats | 500g,$15.00,$3.00 per 100g
Applaws Tin Mp Cuisine Selection Cat Food 8x70g | 8 pack,$15.00,$2.68 per 100g
Fancy Feast Creamy Delights With Pate Chicken Cat Food | 85g,$1.80,$2.12 per 100g
Chobani Dollop Yogurt Dog Food | 300g,$4.00,$1.33 per 100g
Purr Tasty Tuna Salmon & Chicken in Jelly Cat Food | 85g,$1.20,$1.41 per 100g
Dine Cat Food Kitten Tender Chicken | 85g,$0.95,$1.12 per 100g | Was $1.40
Purr Tuna with Whitebait in Gravy Cat Food | 85g,$1.20,$1.41 per 100g
Purr Cat Treat Chicken Creamy Treat 4X12G | 4 pack,$2.60,$5.42 per 100g
,$2.55,$0.85 per 100g
Optimum Adult With Chicken & Rice Wet Dog Food Can | 400g,$2.80,$0.70 per 100g | Was $3.45
Whiskas 1+ Years Wet Cat Food Ocean Fish Loaf Can | 400g,$2.60,$0.65 per 100g
,$3.00,$0.75 per 100g
,$2.50,$0.36 per 100g | Was $3.00 on Sep 2022
Optimum Beef & Rice Adult Wet Dog Food Can | 700g,$5.00,$0.71 per 100g
Farmers Market Australian Chicken Jerky Bites Dog Treat | 165g,$4.20,$2.55 per 100g | Was $7.00
Optimum Adult Lamb & Rice Dog Food | 700g,$5.00,$0.71 per 100g
Vitapet Jerhigh Chicken & Bacon Dog Treats | 100g,$6.00,$6.00 per 100g
Schmackos Tasty Bites Cheesy Nibbles Cheese & Beef Dog Treat | 140g,$4.20,$3.00 per 100g
Dine Cuts In Gravy With Beef And Liver Wet Cat Food 85g Tray | 7 pack,$6.00,$1.01 per 100g | Was $9.00
Coles Chunky Recipe Chilled Fresh Dog & Cat Food Mince | 800g,$5.00,$0.63 per 100g
Dine Pulled Menu Chicken Cat Food 7x85g | 7 pack,$7.50,$1.26 per 100g | Was $11.00
Friskies Seafood Sensations Adult Cat Food | 1kg,$7.00,$0.70 per 100g
Bow Wow All Natural Rabbit Ears Dog Treat | 10 pack,$9.00,$0.90 per 1ea
Fancy Feast Petit Cuisine Salmon Chicken Cat Food 6x50g | 6 pack,$6.30,$2.10 per 100g
Trill Bird Seed Cockatiel Mix | 1.8Kg,$6.00,
Felix Doubly Delicious Fish Selection Cat Food 85G | 12 pack,$9.50,$0.93 per 100g | Was $13.50
Coles Pouch Meat Variety Cat Food | 12 pack,$6.00,$0.59 per 100g
Schmackos Strapz Dog Treat Beef Chicken And Liver Variety Pack | 500g,$15.00,$3.00 per 100g
Schmackos Strapz With Chicken Dog Treats | 500g,$15.00,$3.00 per 100g
Felix Agail Cat Food Meat Menu 85g | 24 pack,$26.00,$1.27 per 100g
Pet Treat Bar Beef Tendons | approx. 100g,$6.00,$60.00 per 1kg
Fancy Feast Medleys Tuna Tuscany Cat Food | 85g,$2.20,$2.59 per 100g
Fancy Feast Royale Broths Tuna Surimi & Prawn Cat Food 4x40g | 4 pack,$5.70,$3.56 per 100g
Purina One Adult Dry Cat Food Hairball Chicken | 1.4kg,$17.50,$1.25 per 100g
Purr Gourmet Chunky Tuna & Prawn in Gravy Cat Food | 85g,$1.20,$1.41 per 100g
Farmers Market Adult Wet Dog Food Roast Chicken With Lentils | 100g,$0.95,$0.95 per 100g | Was $1.60
Dine Pulled Menu Gravy Indulgence Tuna Cat Food | 85g,$1.10,$1.29 per 100g | Was $1.60
My Dog Chicken Mince With Rice Carrots & Spinach Puppy Wet Dog Food | 100g,$1.35,$1.35 per 100g | Was $1.70
Optimum Chicken Loaf Adult Wet Dog Food Tray | 100g,$1.80,$1.80 per 100g
Dine Creamy Treats Chicken Flavour Cat Treat | 4 pack,$2.60,$5.42 per 100g | Was $3.75
,$2.55,$0.85 per 100g
Optimum Beef & Rice Wet Dog Food Can Adult | 400g,$2.80,$0.70 per 100g | Was $3.45
My Dog Classic Loaf With Tender Beef & Veal Can Wet Dog Food | 400g,$3.00,$0.75 per 100g
Pedigree Loaf With 5 Kinds Of Meat Adult Wet Dog Food Can | 700g,$3.50,$0.50 per 100g
Pedigree Casserole With Beef & Gravy Adult Wet Dog Food Can | 700g,$3.50,$0.50 per 100g
Love Em Dog Treat Roast Chicken | 200g,$4.00,$2.00 per 100g | Was $5.00
Love'em Grain Free Dog Treats Lamb Jerky With Rosemary Flavour | 200g,$6.00,$3.00 per 100g
Temptations Tempting Tuna Flavour Cat Treats | 85g,$5.00,$5.88 per 100g
Woofin Good Dog Food Meatballs Chicken | 750g,$6.50,$0.87 per 100g
Pups In The Pantry Peamutt Butter Scrolls 4 Pieces | 1 Pack,$6.40,$6.40 per 1ea | Was $8.00
Coles Adult Chilled Fresh Dog Food Roll Chicken & Rice | 3kg,$6.00,$0.20 per 100g
Chandler Original Clay Cat Litter | 7L,$7.50,$1.07 per 1L
Fancy Feast Petit Cuisine Chicken Turkey Cat Food 6x50g | 6 pack,$6.30,$2.10 per 100g
Coles Adult Dry Dog Food With Beef | 3kg,$7.00,$0.23 per 100g
Woofin Good Chicken Tenders Dog Treat | 200g,,
My Dog Classic Loaf With Gourmet Beef & Hearty Liver 6X100G Wet Dog Food | 6 pack,$9.50,$1.58 per 100g
My Dog Wet Dog Food Fillets In Gravy With Succulent Beef 6X100G Trays | 6 pack,$9.50,$1.58 per 100g
My Dog Adult Wet Dog Food Tasty Kangaroo Meaty Loaf 100g Trays | 6 pack,$9.50,$1.58 per 100g
Optimum Dog Food Chicken And Rice | 6 pack,$10.00,$1.67 per 100g
Applaws Tin Mp Fish Deluxe Selection Cat Food 8x70g | 8 pack,$15.00,$2.68 per 100g
Coles Cat Litter Crystal | 6kg,$31.00,$5.17 per 1kg
Whiskas Favourites Mixed In Jelly Cat Food 12x85g | 12 pack,$11.00,$1.08 per 100g
Dine Classic Collection Pouch Chicken In Gravy Cat Food | 85g,$0.95,$1.12 per 100g | Was $1.40
Woofin Good Chunks In Gravy Puppy Beef & Veg Dog Food Pouch | 100g,$1.00,$1.00 per 100g | Was $1.50
Ultimates Indulge Whitemeat Tuna With Flaked Salmon | 85g,$1.75,$2.06 per 100g
Ultimates Indulge Tuna With Shredded Chicken Breast & Prawns Adult Cat Food | 85g,$1.75,$2.06 per 100g
Lux And Bones Kitty Kievs Cat Food Chicken & Salmon | 40g,$2.75,$6.88 per 100g | Was $5.50
My Dog Classic Loaf With Wholesome Chicken & Turkey Can Wet Dog Food | 680g,$3.50,$0.51 per 100g | Was $4.50
Optimum Real Kangaroo & Vegetables Adult Wet Dog Food Can | 700g,$5.00,$0.71 per 100g
4 Legs Natural Wellness Boost Dog Food With Beef Vegies & Fruit Meatballs | 870g,$4.75,$0.55 per 100g | Was $7.00
Woofin Good Venison Jerky Strips Dog Treat | 100g,$4.80,$4.80 per 100g | Was $8.00
Coles Cat Litter Clay | 10kg,$6.60,$0.66 per 1kg
,$6.40,$0.30 per 100g | Was $8.00
Fussy Cat Grain Free Adult Chilled Fresh Cat Food Finest Mince with Kangaroo | 800g,$7.50,$0.94 per 100g
Vitapet Chicken Wrapped Rawhide Mini Bones | 7 pack,$11.00,$1.57 per 1ea
Purr Seafood Selection Cat Food 12x85g | 12 pack,$12.00,$1.18 per 100g
Pedigree Dentastix Medium Dog Treats Daily Oral Care Dental Chews | 28 pack,$15.50,$0.55 per 1ea | Was $22.50
,$21.00,$0.70 per 100g
Pet Treat Bar Chicken Necks | approx. 100g,$6.00,$60.00 per 1kg
,$0.95,$0.95 per 100g | Was $1.60
Dine Classic Collection Pouch Beef In Gravy Cat Food | 85g,$0.95,$1.12 per 100g | Was $1.40
"Farmers Market ""Grain Free Adult Wet Cat Food Tuna Loaf with Quail Egg | 55g",$1.20,$2.18 per 100g | Was $2.00
Purr Cat Food With Beef Mince | 400g,$2.00,$0.50 per 100g
Fancy Feast Royale Broths Tuna Surimi Prawn Cat Food | 40g,$1.80,$4.50 per 100g
Fancy Feast Classic Cat Food Oceanfish Fillet | 85g,$1.80,$2.12 per 100g
Regal Lean Cat Food With Turkey 2x100g | 2 pack,$2.75,$1.38 per 100g
Woofin Good Puppy & Adult Milky Sticks Chicken Dog Treat | 100g,,
Coles Red Ribbon Liver Pieces | 100g,$4.00,$4.00 per 100g
Nature's Gift Chicken Turkey And Vegetable Dog Food | 700g,$2.50,$0.36 per 100g | Was $3.00 on Sep 2022
Nature's Gift Lamb Pasta And Vegetable Dog Food | 700g,$2.50,$0.36 per 100g | Was $3.00 on Sep 2022
Farmers Market Roast Chicken With Lentils Dog Food 6x100g | 6 pack,$5.10,$0.85 per 100g | Was $8.50
,$5.00,$8.33 per 100g
Schmackos Strapz With Chicken Dog Treats | 200g,$5.60,$2.80 per 100g | Was $7.00
Dine Salmon In Seafood Sauce Cat Food Tray 85g | 7 pack,$6.00,$1.01 per 100g | Was $9.00
Nature's Gift Loaf Real Chicken Wet Dog Food 100g | 6 pack,$5.00,$0.83 per 100g | Was $6.00 on Sep 2022
Prime 100 Australian Snapper & Vegetables Dog Roll Dog Food | 1.7kg,$9.50,$0.56 per 100g
Farmers Market Adult Dry Dog Food Beef With Farm Vegetables | 2.7kg,$12.50,$0.46 per 100g | Was $21.00
Fussy Cat Grain Free Twice as Tasty Adult Wet Cat Food Pate & Pieces 12x80gm | 12 pack,$12.50,$1.30 per 100g
Fussy Cat Cat Food Pouch Mince & Jelly 12x80g | 12 pack,$12.50,$1.30 per 100g
Pedigree Real Beef Adult Dry Dog Food | 3kg,$13.00,$0.43 per 100g
Pedigree Real Beef With Vegies Small Breed Dry Dog Food | 2.5kg,$13.00,$0.52 per 100g
,$18.00,$0.60 per 100g
Pet Treat Bar Kangaroo Cubes | approx. 100g,$6.00,$60.00 per 1kg
Superfood Bites Chicken | approx. 100g,$6.00,$60.00 per 1kg
Pet Treat Bar Choc Chip Carob Cookies | approx. 100g,$6.00,$60.00 per 1kg
Purina One Adult Dry Cat Food Urinary Tract Health Chicken | 1.4kg,$17.50,$1.25 per 100g
Whiskas Favourites Chicken In Gravy Cat Food 12x85g | 12 pack,$11.00,$1.08 per 100g
Purr Cat Treat Tuna Loin | 30g,$2.20,$7.33 per 100g
Golp Dog Yoghurt Vanilla Probiotic Dog Treat | 70g,$2.60,$3.71 per 100g
Applaws Whole Mackarel Loin Cat Treats | 30g,$2.20,$7.33 per 100g | Was $2.80
Optimum Adult Dog Food Salmon And Rice | 100g,$1.80,$1.80 per 100g
,$2.10,$2.47 per 100g
Purina One Succulent Chicken In Gravy Urinary Care Cat Food Pouch | 70g,$2.20,$3.14 per 100g
Optimum Lamb & Rice Adult Wet Dog Food Can | 400g,$2.80,$0.70 per 100g | Was $3.45
4 Legs Slow Cooked Beef Pumpkin Broccoli & Cous Cous Dog Food | 250g,$3.00,$1.20 per 100g | Was $5.00
Fussy Cat Twice As Tasty Cat Food Mince & Jelly Chicken With Prawns | 70g,$2.50,$3.57 per 100g
My Dog Chicken Mince With Rice & Carrots Can Puppy Wet Dog Food | 400g,$3.00,$0.75 per 100g
Coles Beef Basted Rawhide Chews | 100g,$3.80,$3.80 per 100g
Dine Slices With Chicken Wet Cat Food 85g Tray | 7 pack,$6.00,$1.01 per 100g | Was $9.00
Purina Lucky Dog Bones Original Dog Treat | 800g,$7.50,$0.94 per 100g
"Bow Wow ""Bully Sticks 8"" Dog Treat"" | 1 pack",$7.90,$7.90 per 1ea
Trill Bird Seed Small Parrot Mix | 1.8Kg,$6.00,
Peters Foragers Feast Small Animal Food | 1kg,$8.15,$0.82 per 100g
Gourmet Delight Multipack Ocean Delights Cat Food 12x80g | 12 pack,$10.00,$1.04 per 100g | Was $12.00
Petstages Dogwood Stick Medium Dog Toy | 1 pack,$13.40,$13.40 per 1ea | Was $16.80
Applaws Cat Food Multipack Tuna Fillets 70g | 8 pack,$15.00,$2.68 per 100g
Nood Dry Dog Food Sustainable  Salmon Recipe With Superfoods | 3kg,$23.00,$0.77 per 100g
Pet Treat Bar Premium Beef Liver Treats | approx. 100g,$6.00,$60.00 per 1kg
Pet Treat Bar Chicken Training Treats | approx. 100g,$6.00,$60.00 per 1kg
Woofin Good Beef Jerky Dog Treat | 100g,,
Purr Gourmet Flaked Tuna & Crabmeat in Gravy Cat Food | 85g,$1.20,$1.41 per 100g
,$0.90,$1.64 per 100g | Was $1.50
,$1.35,$1.35 per 100g | Was $1.70
Woofin Good Chunks In Gravy Lamb Rice & Veg Dog Food | 400g,$2.00,$0.50 per 100g | Was $2.40 on Sep 2021
Nature's Gift Adult All Breeds Wet Dog Food Loaf Chicken & Duck | 100g,$1.30,$1.30 per 100g | Was $1.50 on Sep 2022
,$1.90,$0.48 per 100g | Was $3.50
Coles Casserole Chicken Rice & Vegetable Canned Dog Food | 700g,$1.95,$0.28 per 100g
Fussy Cat Grain Free Adult Chilled Fresh Cat Food Fine Mince with Beef | 70g,$2.50,$3.57 per 100g
Regal Kangaroo Mince Lean Cat Food 2X100g | 200g,$2.75,$1.38 per 100g
Pets Own Dog & Puppy Milk | 1L,$4.25,$0.43 per 100mL
Woofin Good Dental Dog Treat Medium Large Dog | 4 pack,$7.00,$1.75 per 1ea
Vitapet Chicken Wrapped Rawhide Sticks | 5 pack,$5.50,$1.10 per 1ea
Schmackos Strapz BBQ Lamb Dog Treat | 200g,$5.60,$2.80 per 100g | Was $7.00
Purr Singles Cat Food Seafood Selection 6x85g | 6 pack,$5.70,$1.12 per 100g
Rufus & Coco Elasticised Large  Litter Tray Liner  | 8 pack,$7.25,$0.91 per 1ea
Coles Adult Dry Dog Food With Chicken | 3kg,$7.00,$0.23 per 100g
Catsan Cat Litter Crystals | 2kg,$15.00,$7.50 per 1kg | Was $16.50 on Oct 2022
,$11.50,$1.20 per 100g | Was $14.50
,$11.00,$0.37 per 100g
The Paw Grocer Freeze Dried Diced Lamb Hearts Dog Treat | 90g,$13.00,$14.44 per 100g
Optimum Dog Food Lamb And Rice | 6 pack,$10.00,$1.67 per 100g
Optimum Dog Food Salmon And Rice 6x100g | 6 pack,$10.00,$1.67 per 100g
,$12.50,$1.30 per 100g
,$18.00,$0.60 per 100g
Purr Cat Food Seafood Selection 27x85g | 27 pack,$25.00,$1.09 per 100g | Was $27.00 on Aug 2022
Pet Treat Bar Booster Chew Cranberry | approx. 100g,$6.00,$60.00 per 1kg
Pet Treat Bar Semi Moist Chicken Bites | approx. 100g,$6.00,$60.00 per 1kg
Pet Treat Bar Venison Soft Jerky | approx. 100g,$6.00,$60.00 per 1kg
Pet Treat Bar Carob Peanut Cluster | approx. 100g,$6.00,$60.00 per 1kg
Whiskas Favourites Tuna In Jelly Cat Food 12x85g | 12 pack,$11.00,$1.08 per 100g
Supercoat Puppy With Chicken Dry Dog Food | 2.6kg,$16.50,$0.63 per 100g
Woofin Good Chunks In Gravy Beef Liver & Veg Dog Food | 400g,$2.00,$0.50 per 100g | Was $2.40 on Sep 2021
Optimum Adult Dog Food With Real Kangaroo & Vegetables | 100g,$1.80,$1.80 per 100g
Fancy Feast Royale Whitemeat Tuna Cat Food | 85g,$2.50,$2.94 per 100g
Purina One Senior 7+ Chicken Pouch Cat Food | 70g,$2.20,$3.14 per 100g
Purina One Adult Indoor Chicken Pouch Cat Food | 70g,$2.20,$3.14 per 100g
Coles Casserole Lamb Pasta & Vegetable Canned Dog Food | 1.2kg,$2.95,$0.25 per 100g
Optimum Chicken & Rice Puppy Wet Dog Food Can | 700g,$5.00,$0.71 per 100g
Nature's Gift Chicken Rice And Vegetable Dog Food | 700g,$2.50,$0.36 per 100g | Was $3.00 on Sep 2022
Pedigree Mince With Chicken & Rice Puppy Wet Dog Food Can | 700g,$3.50,$0.50 per 100g
Trill Honey Sticks for Budgies & Cockatiels Bird Treat | 105g,$4.00,$3.81 per 100g
Coles Rabbit And Guinea Pig Food | 2kg,$6.30,$0.32 per 100g
Wag Kangaroo Rib Bites Dog Treat | 100g,$6.00,$6.00 per 100g | Was $7.50
Coles Adult Small Breed Dry Dog Food With Chicken | 3kg,$7.00,$0.23 per 100g
Vitapet Chewz Peanut Butter Twist Sticks Dog Treat | 10 pack,$8.30,$0.83 per 1ea
Macro Meats Pets Mince | 2kg,$11.50,$0.58 per 100g
My Dog Adult Wet Dog Food Fillets In Gravy With Delicate Chicken 6x100G Trays | 6 pack,$9.50,$1.58 per 100g
The Natural Paw Company Tofu Cat Litter | 2kg,$13.50,$6.75 per 1kg
,$12.50,$1.30 per 100g
,$12.50,$1.30 per 100g
Applaws Chicken Canned Dog Food 156g | 5 pack,$12.50,$1.60 per 100g
Whiskas Beef & Lamb Adult Dry Cat Food | 1.8kg,$10.50,$0.58 per 100g | Was $12.50 on Oct 2022
World's Best Clumping Formula Cat Litter | 3.63 kg,$21.50,$5.92 per 1kg
Farmers Market Adult Dry Dog Food Beef With Farm Vegetables | 6.8kg,$22.80,$0.34 per 100g | Was $38.00
Optimum Grainfree Dry Cat Food Adult Chicken | 1.8kg,$24.00,$1.33 per 100g
Whiskas 1+ Tuna Favourites In Jelly Cat Food 24x85g | 24 pack,$18.50,$0.91 per 100g
Pet Treat Bar Kangaroo Tail Disks | approx. 100g,$6.00,$60.00 per 1kg
Pet Treat Bar Beef Paddy Wacks | approx. 100g,$6.00,$60.00 per 1kg
Coles Budgerigar & Canary Bird Seed | 2kg,$5.00,$0.25 per 100g
Dine Desire Tuna Slices in Jus Grain Free Wet Cat Food Can | 85g,$1.50,$1.76 per 100g | Was $2.15
Coles Cockatiel Treat With Honey  | 1 pack,$2.10,$2.10 per 1ea
Nature's Gift Adult All Breeds Wet Dog Food Loaf Kangaroo Filled | 100g,$1.30,$1.30 per 100g | Was $1.50 on Sep 2022
Optimum Lamb & Rice Adult Wet Dog Food Tray | 100g,$1.80,$1.80 per 100g
Optimum Healthy Weight 1+ Years Chunks In Jelly With Chicken Cat Food Pouch | 85g,$2.10,$2.47 per 100g
Coles Adult Chilled Fresh Dog Food Roll Lamb & Vege's | 1kg,$2.75,$0.28 per 100g
Woofin Good Chunks In Gravy Beef Rice & Veg Dog Food | 720g,$3.00,$0.42 per 100g | Was $3.40 on Sep 2021
"Nature's Gift ""Adult All Breeds Wet Dog Food Casserole Gravy Lamb | 700g",$2.50,$0.36 per 100g | Was $3.00 on Sep 2022
My Dog Adult 7+ With Juicy Lamb Rice & Carrots Can Wet Dog Food | 400g,$3.00,$0.75 per 100g
Coles Dog Food Casserole Beef | 1.2 kg,$2.95,$0.25 per 100g
Optimum Light & Healthy With Chicken & Rice Wet Dog Food Can | 680g,$5.00,$0.74 per 100g
Pedigree Casserole With Beef & Gravy Adult Wet Dog Food Can | 1.2kg,$4.50,$0.38 per 100g | Was $5.50 on Oct 2022
Applaws Fish Selection In Broth Cat Food Pouch | 5 pack,$7.25,$2.90 per 100g
Dine Classic Collection Pouch Cat Food Mixed Selection In Jelly/Gravy 12x85g | 12 pack,$9.50,$0.93 per 100g | Was $14.00
Doggylicious Dog Treat Calming Cookies | 180g,$10.00,$5.56 per 100g
Nood Dry Cat Food Cage Free Chicken Recipe With Probiotics | 1.5kg,$12.00,$0.80 per 100g | Was $16.50
,$9.50,$1.58 per 100g
The Paw Grocer Freeze Dried Chicken Necks Dog Treat | 90g,$13.00,$14.44 per 100g
Optimum Dry Cat Food 2-12 Months Kitten With Chicken | 800g,$12.00,$1.50 per 100g
Fussy Cat Fish Lovers Cat Food Pouch 12x80g | 12 pack,$12.50,$1.30 per 100g
Applaws Cuisine Selection Dog Food Cans | 5 pack,$12.50,$1.60 per 100g
Applaws Chicken & Turkey All Breed Dog Food | 2.7kg,$19.00,$0.70 per 100g
Optimum Dry Cat Food Adult Furball With Chicken | 2kg,$24.00,$1.20 per 100g
Whiskas 1+ Years So Fishy Recipe Ocean Platter In Jelly Cat Food 85g | 24 pack,$20.50,$1.00 per 100g | Was $23.50 on Oct 2022
Pedigree Adult Dry Dog Food with Real Beef | 8kg,$28.00,$0.35 per 100g
Pet Treat Bar Smoked Lamb Bone | approx. 100g,$6.00,$60.00 per 1kg
Coles Small Parrot & WildBird Nutritious Seed Mix | 2kg,$5.00,$0.25 per 100g
Purina One Adult Dry Cat Food Indoor With Chicken | 2.8kg,$31.00,$1.11 per 100g
Optimum Puppy Dry Dog Food | 3kg,$21.00,$0.70 per 100g
Farmers Market Adult Wet Dog Food Hickory Beef & Herbs in Gravy | 100g,$0.95,$0.95 per 100g | Was $1.60
Woofin Good Chunks In Gravy Chicken & Veg Dog Food Pouch | 100g,$1.00,$1.00 per 100g | Was $1.50
,$1.30,$1.63 per 100g | Was $2.20
Lux And Bones Kitty Kievs Cat Food Chicken & Tuna | 40g,$2.75,$6.88 per 100g | Was $5.50
Woofin Good Chunks In Gravy Chicken Rice & Veg Dog Food | 720g,$3.00,$0.42 per 100g | Was $3.40 on Sep 2021
Woofin Good Kangaroo Jerky Strips Dog Treat | 100g,$4.80,$4.80 per 100g | Was $8.00
Trill Honey Sticks for Cockatiels Variety Pack Bird Treat | 3 pack,$4.00,$3.81 per 100g
Farmers Market Tender Lamb With Julienne Carrot & Bean Dog Food 6x100g | 6 pack,$5.10,$0.85 per 100g | Was $8.50
,$5.50,$0.85 per 100g
Farmers Market Grainfree Fish Variety Wet Cat Food 6x80g | 6 pack,$5.70,$1.19 per 100g | Was $9.50
Wag Yoghurt Drops Vanilla Dog Treat | 150g,$6.00,$4.00 per 100g | Was $7.50
Pedigree Loaf With 5 Kinds Of Meat Adult Wet Dog Food Can | 1.2kg,$4.50,$0.38 per 100g | Was $5.50 on Oct 2022
Purr Chicken With Kangaroo Mince Cat Food 8X85g | 680g,$6.40,$0.94 per 100g
Schmackos Marrowbones Dog Treats | 737g,$7.50,$1.02 per 100g | Was $9.50
Coles Pouch Poultry Variety Cat Food | 12 pack,$6.00,$0.59 per 100g
Nood Cage Free Chicken Recipe In Gravy Cat Food 80g | 12 pack,$11.50,$1.20 per 100g | Was $14.50
Greenies Original Dog Treat Large | 170g,$14.00,$8.24 per 100g | Was $18.00
Purina Dentalife Dog Treat Chews Large | 18 pack,$15.00,$0.83 per 1ea
,$14.00,$1.17 per 100g
V.I.P Paws Fresh Adult Chilled Fresh Dog and Cat Food Lean Mince | 3kg,$17.00,$0.57 per 100g
Temptations Cat Treat Hearty Beef | 350g,$14.00,$4.00 per 100g | Was $16.50 on Oct 2022
Woofin Good Chicken With Beef & Kangaroo Mince Dog Food | 3.2kg,$17.00,$0.53 per 100g
Optimum Chicken Rice With Vegetables Dry Dog Food | 3kg,$21.00,$0.70 per 100g
Fancy Feast Dry Cat Food Tuna Prawn Mackerel & Crab Flavour | 1.4kg,$19.00,$1.36 per 100g
Optimum Grain Free With Beef & Vegetables Dry Dog Food | 2.5kg,$21.00,$0.84 per 100g
,$25.00,$1.12 per 100g
Purr Cat Food Meat Selection 27x85g | 27 pack,$25.00,$1.09 per 100g | Was $27.00 on Aug 2022
Pet Treat Bar Healthy Gut Dog Biscuits | approx. 100g,$6.00,$60.00 per 1kg
Doggylicious Dog Treat Calming Doggy Butter | 250g,$8.00,$3.20 per 100g
Dine Pulled Menu Salmon Cat Food | 85g,$1.10,$1.29 per 100g | Was $1.60
Crave Adult Dog Food With Chickn Pate | 100g,$1.40,$1.40 per 100g | Was $2.00
Nature's Gift Adult All Breeds Wet Dog Food Loaf Prime Beef in Gravy | 100g,$1.30,$1.30 per 100g | Was $1.50 on Sep 2022
,$1.75,$0.44 per 100g | Was $2.50
,$1.75,$0.44 per 100g | Was $2.50
Natures Goodness Growing Pup Wet Dog Food For Puppies | 400g,$1.75,$0.44 per 100g | Was $2.50
Applaws Cat Food Pouch Tuna & Salmon In Jelly | 70g,$2.20,$3.14 per 100g
Coles Casserole Beef Pasta & Vegetable Canned Dog Food | 700g,$1.95,$0.28 per 100g
Optimum Kitten 2-12 Months Chunks In Jelly With Salmon Cat Food Pouch | 85g,$2.10,$2.47 per 100g
Bird Munchies Cuttlefish Bone | 15g,$4.80,$32.00 per 100g
Lux And Bones Whole Chicken Fillet Cat Food | 40g,$3.00,$7.50 per 100g | Was $4.30
Purr  Cat Treat Chicken Dental | 50g,$3.50,$7.00 per 100g
Bird Munchies Twin Pack Parrot Treat | 180g,$4.30,$2.39 per 100g
Nature's Gift Duck Chicken And Vegetable Dog Food | 700g,$2.50,$0.36 per 100g | Was $3.00 on Sep 2022
Trill Honey Sticks for Budgies Variety Pack Bird Treat | 3 pack,$4.00,$3.81 per 100g
Woofin Good Calming Dog Treat | 150g,$7.00,$4.67 per 100g
Applaws Pate Beef Meat With Pumpkin And Peas Dog Food | 370g,$4.50,$1.22 per 100g
Farmers Market Grainfree Chicken Variety Cat Food 6x80g | 6 pack,$5.70,$1.19 per 100g | Was $9.50
Trill Toppers Bird Treat | 112g,$5.00,$4.46 per 100g
,$6.00,$1.20 per 100g
Nature's Gift Adult All Breeds Wet Dog Food Loaf Chicken Rice & Vegetables | 1.2kg,$4.00,$0.33 per 100g | Was $5.50 on Apr 2022
Dine Desire Tuna Fillets & Prawn In Sauce Grain Free Wet Cat Food 85g | 6 pack,$7.50,$1.47 per 100g | Was $11.50
Trill Millet Spray Bird Treat | 150g,$6.50,$4.33 per 100g
Woofin Good Chicken Mince Dog Food | 740g,$7.00,$0.95 per 100g
Gourmet Delight Multipack Favourites Cat Food 12x80g | 12 pack,$10.00,$1.04 per 100g | Was $12.00
Premi-Yum Free Range Chicken Mince For Dog Or Cat | 2kg,$11.00,$0.55 per 100g
Nood Dry Dog Food Cage Free Chicken Recipe With Superfoods | 1.5kg,$12.00,$0.80 per 100g | Was $16.50
Optimum Dry Cat Food Furball With Chicken | 800g,$12.00,$1.50 per 100g
Purina Disney Mickey Mouse Plush Dog Toy | 1 pack,$14.70,$14.70 per 1ea | Was $21.00
Coles Adult Dry Cat Food With Chicken & Salmon | 4kg,$12.00,$0.30 per 100g
Good O Chicken & Veal Dry Dog Food | 3kg,$15.00,$0.50 per 100g
Whiskas Sardine & Prawn Adult Dry Cat Food | 1.8kg,$10.50,$0.58 per 100g | Was $12.50 on Oct 2022
Whiskas Chicken & Turkey Adult Dry Cat Food | 1.8kg,$10.50,$0.58 per 100g | Was $12.50 on Oct 2022
Whiskas Adult 7+ Dry Cat Food With Tuna & Sardine | 1.8kg,$10.50,$0.58 per 100g | Was $12.50 on Oct 2022
Temptations Tasty Chicken Cat Treat | 350g,$14.00,$4.00 per 100g | Was $16.50 on Oct 2022
Dine Daily Cat Food Poultry Selection 14x85g | 14 pack,$15.50,$1.30 per 100g | Was $18.00 on Oct 2022
Catsan Natural Extra Absorbent Clumping Cat Litter | 8L,$22.50,$2.81 per 1L | Was $26.50 on Oct 2022
Whiskas Adult Dry Cat Food With Chicken And Rabbit | 3kg,$16.00,$0.53 per 100g | Was $19.50 on Oct 2022
Felix Agail Cat Food Ocean Menu 85g | 24 pack,$26.00,$1.27 per 100g
Optimum Chicken & Rice Dog Food Trays 100g | 24 pack,$28.50,$1.19 per 100g
Pet Treat Bar Chicken Wings | approx. 100g,$6.00,$60.00 per 1kg
Pet Treat Bar Joint Mobility Dog Biscuits | approx. 100g,$6.00,$60.00 per 1kg
Pet Treat Bar Fresh Breath Biscuits | approx. 100g,$6.00,$60.00 per 1kg
Fancy Feast Inspirations Chicken Variety Cat Food 12x70g | 12 pack,$18.00,$2.14 per 100g
Woofin Good Beef Ear Dog Treat | 1 pack,,
,$22.00,$1.08 per 100g | Was $26.00 on Jul 2022
Fussy Cat Grain Free Twice as Tasty Adult Wet Cat Food Slices & Fish Jelly  | 12 pack,$12.50,$1.30 per 100g
Supercoat Senior With Fish Dry Dog Food | 2.6kg,$16.50,$0.63 per 100g
Purr Tender Chicken Breast in Gravy Cat Food | 85g,$1.20,$1.41 per 100g
,$0.90,$1.64 per 100g | Was $1.50
Woofin Good Chunks In Gravy Lamb & Veg Dog Food Pouch | 100g,$1.00,$1.00 per 100g | Was $1.50
Elevate Healthy Weight Cat Chicken Chunks With Carrot & Pumpkin In Gravy | 85g,$2.00,$2.35 per 100g
Woofin Good Chunks In Gravy Chicken Pasta & Veg Dog Food | 400g,$2.00,$0.50 per 100g | Was $2.40 on Sep 2021
,$1.75,$0.44 per 100g | Was $2.50
Nature's Gift Adult All Breeds Wet Dog Food Loaf Beef & Kidney With Chia | 100g,$1.30,$1.30 per 100g | Was $1.50 on Sep 2022
Nood Wild Caught Salmon Recipe With Garden Vegetables Dog Food | 100g,$2.00,$2.00 per 100g
Optimum Puppy Chicken Wet Dog Food Tray | 100g,$1.80,$1.80 per 100g
Coles Gold Fish Food Granules | 100g,$2.90,$2.90 per 100g
Coles Gold Fish Food Flakes | 36g,$3.80,$10.56 per 100g
,$3.50,$0.50 per 100g
,$3.50,$0.50 per 100g
Applaws Chicken Breast With Beef Liver & Vegetables Dog Food | 156g,$3.00,$1.92 per 100g
Coles Loaf Chicken Rice & Vegetable Dog Food | 1.2 kg,$2.95,$0.25 per 100g
Applaws Chicken Breast With Salmon & Vegetables Dog Food | 156g,$3.00,$1.92 per 100g
Bird Munchies Twin Pack Budgie Treat | 220g,$4.30,$1.95 per 100g
Golp Gourmet Puree Dog Or Cat Prebotic Topper | 130g,$4.00,$3.08 per 100g
Our Dog Tea Tree Oil Shampoo | 1L,$5.60,$5.60 per 1L
Farmers Market Grainfree Kitten Variety Cat Food 6x80g | 6 pack,$5.70,$1.19 per 100g | Was $9.50
Coles Gold Fish Food Flakes | 100g,$7.00,$7.00 per 100g
Temptations Seafood Medley Flavour Cat Treats | 85g,$5.00,$5.88 per 100g
Coles Dog Training Pads | 15 pack,$12.00,
Pedigree Homestyle Lamb Pasta & Vegies Adult Wet Dog Food Can | 1.2kg,$4.50,$0.38 per 100g | Was $5.50 on Oct 2022
Nature's Gift Strips Kangaroo Dog Food 100g | 6 pack,$5.00,$0.83 per 100g | Was $6.00 on Sep 2022
Purr Cat Food Seafood Jelly Selection 12x85g | 12 pack,$12.00,$1.18 per 100g
Dine Classic Collection Pouch Cat Food Fish Selection In Jelly 12x85g | 12 pack,$9.50,$0.93 per 100g | Was $14.00
Gourmet Delight Multipack Meaty Feast Cat Food 12x80g | 12 pack,$10.00,$1.04 per 100g | Was $12.00
Lux & Bones Interchangeable Cat Toy With Extendable 1m Pole | 1 pack,$15.00,$15.00 per 1ea
Harmony Lorikeet & Honey Eater Wild Bird Seed | 500g,$9.00,$1.80 per 100g
Woofin Good Dental Brush Medium Dog Treat | 10 pack,$15.00,$1.50 per 1ea
Nood Dry Cat Food Sustainable  Salmon Recipe With Probiotics | 1.5kg,$12.00,$0.80 per 100g | Was $16.50
Nood Wet Dog Food Grass Fed Beef & Lamb Recipe With Vegetables 12x100g | 12 pack,$12.50,$1.30 per 100g | Was $15.50
,$12.50,$1.30 per 100g
Lux And Bones Dog Treat Salmon & Chia Collagen Sticks | 7 pack,$14.00,$2.00 per 1ea
Pedigree Dentastix Small Dog Treats Daily Oral Care Dental Chews | 28 pack,$15.50,$0.55 per 1ea | Was $22.50
Friskies Meaty Grills | 2.5kg,$15.50,$0.62 per 100g
Friskies Dry Adult Seven Cat Food | 2.5kg,$15.50,$0.62 per 100g
Nood Dry Dog Food Cage Free Chicken Recipe With Superfoods | 3kg,$23.00,$0.77 per 100g
Optimum Adult 7+ Years Chicken Vegetable and Rice Dry Dog Food | 2.7Kg,$21.00,$0.78 per 100g
Whiskas So Meaty 1+ Years Wet Cat Food Meat Cuts In Gravy 85g Pouch | 24 pack,$20.50,$1.00 per 100g | Was $23.50 on Oct 2022
Pedigree Real Chicken Adult Dry Dog Food | 8kg,$28.00,$0.35 per 100g
Superfood Bites Beef | approx. 100g,$6.00,$60.00 per 1kg
Coles Bird Treat Budgie Canary Swing | 450g,$4.00,$0.89 per 100g
Woofin Good Chunks In Jelly Beef & Veg Dog Food Pouch | 100g,$1.00,$1.00 per 100g | Was $1.50
Crave  Adult Dog Food With Beef Pate | 100g,$1.40,$1.40 per 100g | Was $2.00
Fancy Feast Royale Broths Tuna Whitebait Cat Food | 40g,$1.80,$4.50 per 100g
,$2.00,$2.00 per 100g
Woofin Good Grainfree Chunks In Gravy Chicken & Vegetables Dog Food | 400g,$2.00,$0.50 per 100g | Was $2.40 on Sep 2021
Applaws Cat Food Pouch Tuna Wholemeat In Jelly | 70g,$2.20,$3.14 per 100g
Bow Wow Knot Rope Tug With Tennis Ball Toy | 1 pack,$5.00,$5.00 per 1ea
Optimum Mature 7+ Years Chunks In Jelly With Salmon Cat Food Pouch | 85g,$2.10,$2.47 per 100g
Bow Wow Waste Bags Bone Shaped Dispenser & Refill | 1 pack,$5.00,$5.00 per 1ea
Vitapet Litter Scoop With Rake | 1 each,$4.00,$4.00 per 1ea
Bow Wow Pals Squeaker Toy Hamburger & Hot Dog | 2 pack,$5.00,$2.50 per 1ea
Wag Filled Bone Small Dog Treat | 1 pack,$3.00,$3.00 per 1ea | Was $4.50
Fussy Cat Twice As Tasty Cat Food Pate & Pieces Chicken With Kangaroo | 70g,$2.50,$3.57 per 100g
Coles Cat Collar Reflective Medium | 1 pack,$5.00,$5.00 per 1ea
,$3.50,$0.50 per 100g
Coles Casserole Chicken Rice & Vegetable Dog Food | 1.2 kg,$2.95,$0.25 per 100g
Peters Twiggies Small Animal Treats | 150g,$5.00,$3.33 per 100g
Harmony No Waste Seed Mix | 1kg,$5.25,$0.53 per 100g | Was $7.00
,$11.00,$11.00 per 1ea
Peters Pasture Hay Bedding and Food | 1kg,$8.70,$0.87 per 100g
Friskies Kitten Discoveries Cat Food | 1kg,$7.00,$0.70 per 100g
Meat Mates Chicken Dog Dinner Grain Free Pouch Dog Food | 50g,$8.00,$16.00 per 100g
Vitapet Puppy Pee Training Pads | 7 pack,$11.00,$1.57 per 1ea
"Nerf ""Dog 2.5"" Squeak Tennis Ball Dog Toy"" | 4 pack",$15.00,$3.75 per 1ea
The Natural One Premium Bone Broth For Pets Free Range Chicken | 500mL,$8.00,$1.60 per 100mL
Dine Classic Collection Pouch Cat Food Succulent Selection In Jelly 12x85g | 12 pack,$9.50,$0.93 per 100g | Was $14.00
Pedigree Chunks In Gravy Beef Mvms Dog Food Pouch 12x85g | 12 pack,$10.00,$0.98 per 100g | Was $12.00
Coles Bird Seed Wildbird | 5kg,$9.95,$0.20 per 100g
Harmony Wild Bird Mix Bird Seed | 4kg,$9.50,$0.24 per 100g
Optimum With Chicken Rice Vegetables | 6 pack,$10.00,$1.67 per 100g
Purina Tidy Cats Litter Tray Deodoriser | 560g,$14.00,$25.00 per 1kg
Woofin Good Dog Treats Kangaroo Tails | 4 pack,$20.00,$5.00 per 1ea
Elevate Dry Dog Food Healthy Weight Chicken | 3kg,$26.00,$0.87 per 100g
Friskies Seafood Sensations Cat Food | 2.5kg,$15.50,$0.62 per 100g
,$18.00,$0.60 per 100g
Dine Daily Cat Food Fish Selection 85g | 14 pack,$15.50,$1.41 per 100g | Was $18.00 on Oct 2022
,$35.00,$0.50 per 100g
My Dog Classic Loaf With Tender Chicken 24X100G Wet Dog Food | 24 pack,$27.00,$1.13 per 100g | Was $36.00 on Oct 2022
Elanco Comfortis Plus Fleas Heartworm & Worms Medium Dog Treatment | 1 Pack,$37.00,$37.00 per 1ea
Purina Total Care Tasty Heartwormer & All Wormer Large Dog | 3 pack,$41.00,$13.67 per 1ea
Purina One Adult Dry Cat Food Healthy Salmon And Tuna | 1.5kg,$17.50,$1.17 per 100g
Whiskas Favourites Beef In Jelly Cat Food 12x85g | 12 pack,$11.00,$1.08 per 100g
Purr Cat Food Chickn Egg Veg In Gravy | 85g,$1.20,$1.41 per 100g
Woofin Good Chunks In Gravy Turkey & Veg Dog Food Pouch | 100g,$1.00,$1.00 per 100g | Was $1.50
Elevate Adult Dog Chicken Chunks With Peas & Sweet Potato In Gravy | 100g,$2.00,$2.00 per 100g
Crave  Adult Dog Food With Lamb & Turkey Pate | 100g,$1.40,$1.40 per 100g | Was $2.00
Dine Desire Pure Tuna Whitemeat Grain Free Wet Cat Food Can | 85g,$1.50,$1.76 per 100g | Was $2.15
Coles Budgie & Canary Treat With Honey | 1 pack,$2.00,$2.00 per 1ea
Optimum Grain Free Lamb & Green Beans Wet Dog Food Trays | 85g,$1.80,$2.12 per 100g
Pet Munchies Rabbit & Guinea Pig Treat | 300g,$2.30,$0.77 per 100g
Coles Budgie & Canary Bird Treats | 320g,$2.40,$0.75 per 100g
Coles Tropical Fish Food Flakes | 36g,$4.95,$13.75 per 100g
Applaws Chicken Breast Canned Dog Food | 156g,$3.00,$1.92 per 100g
Applaws Chicken Breast with Vegetables Canned Dog Food | 156g,$3.00,$1.92 per 100g
Purr  Cat Treat Chicken Calming | 50g,$3.50,$7.00 per 100g
Applaws Grainfree Ocean Fish With Salmon Dry Cat Food | 450g,$4.00,$0.89 per 100g | Was $5.00
Trill Vege Mix | 120g,$4.00,$3.33 per 100g
Vitapet Fish Water Ager | 125mL,$7.00,$7.00 per 1ea
Bird Munchies Gourmet Parrot Blend | 1 kg,$5.80,$0.58 per 100g
Purr Cat Food Meaty Selection 85g | 6 pack,$5.70,$1.12 per 100g
Premi-Yum Free Range Chicken Mince For Cats Cat Food 90g | 5 pack,$5.50,$1.22 per 100g
Coles Large Wild Bird Bird Seed | 2kg,$5.00,$0.25 per 100g
Pet Munchies Twin Pack Rabbit & Guinea Pig Treat | 180g,$5.95,$3.31 per 100g
Purr Singles Cat Food Chicken Selection 6x85g | 6 pack,$5.70,$1.12 per 100g
Nature's Gift Prime Beef In Gravy Dog Food 100g | 6 pack,$5.00,$0.83 per 100g | Was $6.00 on Sep 2022
Rufus & Coco Reel Fish Crunchers Cat Treat | 30g,$7.00,$23.33 per 100g | Was $10.00
Purr Meat Selection Cat Food 12X85g | 12 pack,$12.00,$1.18 per 100g
Trill Bird Seed Canary & Finch Mix | 1.8Kg,$6.00,
,$12.00,$12.00 per 1ea
Pedigree Adult Chunks In Gravy Beef Dog Food 12x85g | 12 pack,$10.00,$0.98 per 100g | Was $12.00
,$12.50,$1.04 per 100g | Was $15.50
,$12.50,$1.04 per 100g | Was $15.50
The Paw Grocer Freeze Dried Chicken Wing Tips Dog Treat | 90g,$13.00,$14.44 per 100g
The Paw Grocer Freeze Dried Salmon Belly With Fins Dog Treat | 90g,$13.00,$14.44 per 100g
My Dog Puppy Wet Dog Food Chicken Rice Carrots & Spinach 6X100g Trays | 6 pack,$9.50,$1.58 per 100g
Purina Total Care Flea Tick Control Plus Medium Dog Treatment | 1 pack,$14.00,$14.00 per 1ea | Was $20.00
,$14.00,$1.17 per 100g
,$14.00,$1.17 per 100g
Vitapet Jerhigh Chicken Sticks Dog Treats | 400g,$20.00,$5.00 per 100g
Purina Total Care Cat Treatment Heartwormer All Wormer Flea Control | 1 pack,$17.85,$17.85 per 1ea | Was $21.00
Nerf Dog TPR 3 Ring Tuff Tug | 1 pack,$20.00,$20.00 per 1ea
Supercoat True Origin Adult Dry Dog Food Salmon & Ocean Fish | 2.5 kg,$21.00,$0.84 per 100g
Purina Inspirations Salmon & Tuna Cat Food 12x70g | 12 pack,$18.00,$2.14 per 100g
Optimum Adult 1+ Years Wth Oceanfish Dry Cat Food | 2kg,$24.00,$1.20 per 100g
Purina Total Care Tasty Heartwormer & All Wormer Small Dog | 3 pack,$33.00,$11.00 per 1ea
Nature's Gift Adult All Breeds Dry Dog Food With Beef | 6kg,$21.00,$0.35 per 100g
Optimum Grainfree Dry Cat Food Sensitive Oceanfish | 1.8kg,$24.00,$1.33 per 100g
,$35.00,$0.50 per 100g
Optimum Dry Dog Food Adult Chicken Vegetable Rice | 7kg,$40.00,$0.57 per 100g
Nood Dry Dog Food Cage Free Chicken Recipe With Superfoods | 7kg,$42.00,$0.60 per 100g
Pedigree Dentastix Large Giant Dog Treat | 56 pack,$31.00,$0.55 per 1ea | Was $38.50 on Oct 2022
Coles Wild Bird Percher Treat | 750g,$5.50,$0.73 per 100g
Optimum Healthy Weight Chunks In Jelly Chicken Cat Food 12x85g | 12 pack,$19.00,$1.86 per 100g
Lux And Bones Dog Treat Chicken & Tumeric Collagen Sticks | 7 pack,$14.00,$2.00 per 1ea
Purina One Adult Healthy With Salmon & Tuna Dry Cat Food | 3kg,$31.00,$1.03 per 100g
Dine Classic Collections Pouch Cat Food Fish Selection In Jelly 24x85g | 24 pack,$22.00,$1.08 per 100g | Was $26.00 on Jul 2022
Dine Pulled Menu Gravy Indulgence Chicken Cat Food | 85g,$1.10,$1.29 per 100g | Was $1.60
Nature's Gift Adult All Breeds Wet Dog Food Loaf Succulent Lamb | 100g,$1.30,$1.30 per 100g | Was $1.50 on Sep 2022
Coles Dog Collar With Steel O Ring & Safety Clip Small | 1 pack,$5.00,$5.00 per 1ea
Meat Mates Beef Dog Dinner Grain Free Pouch Dog Food | 100g,$2.00,$2.00 per 100g
Coles Bird Treat Large Wild Bird | 300g,$2.40,$0.80 per 100g
Purina One Succulent Chicken In Gravy Hairball Cat Food Pouch | 70g,$2.20,$3.14 per 100g
Vitapet Fish Oxyshell | 1 pack,$3.70,$3.70 per 1ea
Purr  Cat Treat Chicken Joint | 50g,$3.50,$7.00 per 100g
Bow Wow Super Snacks Protein Bar Dog Treat Herring Apple & Pumpkin | 25g,$2.95,$11.80 per 100g
Trill Fruit & Nut Blend Bird Food | 200g,$4.50,$2.25 per 100g
Pet Munchies Gourmet Rabbit & Guinea Pig Blend | 1kg,$6.90,$0.69 per 100g
Pedigree Homestyle Chicken With Rice & Vegies Adult Wet Dog Food Can | 1.2kg,$4.50,$0.38 per 100g | Was $5.50 on Oct 2022
Elevate Dry Cat Food Hairball Chicken | 800g,$14.00,$1.75 per 100g
Elevate Dry Adult Cat Food Seafood & Rice With Sweet Potato | 800g,$14.00,$1.75 per 100g
Peters Alfalfa & Fruit Rabbit & Guinea Pig Food | 2kg,$6.60,$0.33 per 100g
Peters Timothy Hay Crunchies | 150g,$9.90,$6.60 per 100g
The Natural One Premium Bone Broth For Pets Grass Fed Beef | 500mL,$8.00,$1.60 per 100mL
Peters Oaten Hay Rabbit & Guinea Pig Food | 1 kg,$13.20,$1.32 per 100g
Golp Homestyle Chicken Veg & Brown Rice Dog Or Cat Prebiotic Topper | 300g,$9.50,$3.17 per 100g
Woofin Good Dental Brush Large Dog Treat | 5 pack,$15.00,$3.00 per 1ea
Purina Total Care Medicated Shampoo For Dogs | 350mL,$11.20,$32.00 per 1L | Was $16.00
,$13.00,$2.60 per 100mL
BX Earth Dog Gentle Puppy Coconut Oatmeal & Aloe Vera All Natural Shampoo | 500mL,$13.00,$2.60 per 100mL
Trill Lorikeet Complete Meal Mix | 500g,$10.00,$2.00 per 100g
Purina Total Care Cat Collar Reflective | 1 pack,$13.00,$13.00 per 1ea
Peters Brunch Rabbit & Guinea Pig Food | 450g,$15.50,$3.44 per 100g
Nood Wet Dog Food Grass Fed Beef Recipe With Vegetables 12x100g | 12 pack,$12.50,$1.04 per 100g | Was $15.50
"Nerf ""Dog 3.8"" Squeaker Or Squeak & Crunch Ball Dog Toy"" | 1 pack",$15.00,$15.00 per 1ea
,$21.00,$2.06 per 100g
Total Care Tasty Allwormer For Dogs | 4 pack,$17.00,$4.25 per 1ea
Schmackos Stix With Beef Dog Treats | 500g,$15.00,$3.00 per 100g
Nerf Blaster And Non-Squeak Tennis Ball | 3 pack,$25.00,$8.33 per 1ea
My Dog Classic Loaf With Gourmet Beef 24X100G Wet Dog Food | 24 pack,$27.00,$1.13 per 100g | Was $36.00 on Oct 2022
My Dog Adult Wet Dog Food Lamb Classic 100g Trays | 24 pack,$27.00,$1.13 per 100g | Was $36.00 on Oct 2022
Pet Treat Bar Pork Trotter Disks | approx. 100g,$6.00,$60.00 per 1kg
Pet Treat Bar Pork Femur | approx. 100g,$6.00,$60.00 per 1kg
Pet Treat Bar Inner Health Dog Biscuits | approx. 100g,$6.00,$60.00 per 1kg
Coles Cockatiel Bird Seed | 2kg,$5.00,$0.25 per 100g
Total Care Durasling Ball Dog Toy | 1 pack,$16.00,$16.00 per 1ea
Dine Saucy Morsels With Tuna And Cheese Wet Cat Food Tray | 85g,$0.95,$1.12 per 100g | Was $1.40
Elevate Digestive Support Dog Chicken Chunks With Peas & Pumpkin In Gravy | 100g,$2.00,$2.00 per 100g
Elevate Healthy Weight Dog Chicken Chunks With Peas & Sweet Potato In Gravy | 100g,$2.00,$2.00 per 100g
,$2.00,$2.35 per 100g
,$1.75,$2.06 per 100g
Nood Grass Fed Beef Recipe With Garden Vegetables Dog Food | 100g,$2.00,$2.00 per 100g
Peters Rabbit & Guinea Pig Crunchy Bar | 100g,$2.90,$2.90 per 100g
Meat Mates Chicken Dog Dinner Grain Free Pouch Dog Food | 100g,$2.00,$2.00 per 100g
Coles Adjustable Dog Collar Medium | 1 pack,$6.00,$6.00 per 1ea
Vitapet Fish Food Weekend Block | 1 each,$5.50,$5.50 per 1ea
﻿Coles Cat And Dog Double Bowl | 1 pack,$4.50,$4.50 per 1ea
Elevate Dry Cat Food Healthy Weight Chicken | 800g,$14.00,$1.75 per 100g
3M Lint Pet Roller | 1 each,$7.00,$7.00 per 1ea | Was $8.50
Vitapet Duck Tenders Dog Treat | 100g,$9.00,$9.00 per 100g
Coles Rectractable Lead | 1 pack,$16.50,$16.50 per 1ea
Woofin Good Peanut Butter Flavour Dog Treat Biscuits | 800g,$10.00,$1.25 per 100g
Lux & Bones Bush Magic Anti- Shedding/ Flaking- Skin & Coat Conditioner | 350mL,$15.00,$4.29 per 100mL
Lux & Bones Fur Fabulous Bright White Dog Shampoo | 350mL,$15.00,$4.29 per 100mL
Purina Total Care Flea Control Shampoo For Dogs | 350mL,$11.20,$32.00 per 1L | Was $16.00
,$13.00,$2.60 per 100mL
,$13.00,$2.60 per 100mL
Bird Munchies Wild Block Bird Treat | 1.4kg,$9.30,$0.66 per 100g
Purina Total Care Pom Pom Dangler Cat Toy | 1 pack,$13.00,$13.00 per 1ea
,$12.50,$1.04 per 100g | Was $15.50
Trill Small Bird Pellets | 600g,$10.00,$1.67 per 100g
Rufus & Coco Wee Away | 250mL,$12.80,$5.12 per 100mL | Was $16.00
Purr Chicken Selection Cat Food 12x85g | 12 pack,$12.00,$1.18 per 100g
Peters Poultry Mix Free Range | 5kg,$11.00,$0.22 per 100g
Purina Total Care Brush And Shine Dog | 1 pack,$13.60,$13.60 per 1ea
Purina Denta Life Chewy Dog Treat Small/Medium | 25 pack,$15.00,$0.60 per 1ea
Purina Total Care Flea Tick Control Plus Large Dog Treatment | 1 pack,$14.70,$14.70 per 1ea | Was $21.00
Nerf Catnip Blaster With 3 Catnip Discs | 1 pack,$18.00,$18.00 per 1ea
Nature's Gift Adult All Breeds Dry Dog Food With Kangaroo | 2.5kg,$10.50,$0.42 per 100g
Elevate Dry Dog Food Small Breed Lamb And Rice With Sweet Potato | 3kg,$26.00,$0.87 per 100g
Exelpet Fleaban House & Carpet Spray | 375mL,$19.00,$50.67 per 1L
,$20.85,$20.85 per 1ea | Was $24.50
Dine Daily Cat Food Meat Selection 14X85g | 14 pack,$15.50,$1.30 per 100g | Was $18.00 on Oct 2022
Optimum Natural Defence Skin And Coat Cat Food 12x85g | 12 pack,$19.00,$1.86 per 100g
Schmackos Strapz With Beef Dog Treats | 1kg,$22.50,$2.25 per 100g | Was $25.50 on Oct 2022
Purina Total Care Tasty Heartwormer & All Wormer Medium Dog | 3 pack,$36.00,$12.00 per 1ea
Optimum Adult With Beef Vegetables & Rice Dry Dog Food | 7kg,$40.00,$0.57 per 100g
Supercoat True Origin Salmon & Ocean Fish Adult Dry Dog Food | 7kg,$42.00,$0.60 per 100g
Pet Treat Bar Kangaroo Training Drops | approx. 100g,$6.00,$60.00 per 1kg
Pyramid Health Treats Chicken | approx. 100g,$6.00,$60.00 per 1kg
Coles Sunflower Bird Seed | 1.25kg,$5.30,$0.42 per 100g
Friskies Dry Cat Food Adult Indoor Delight | 2.5kg,$15.50,$0.62 per 100g
Coles With Ocean Fishadult Dry Cat Food With Ocean Fish | 1kg,$3.00,$0.30 per 100g
Dine Classic Collection Pouch Tuna In Jelly Cat Food | 85g,$0.95,$1.12 per 100g | Was $1.40
Elevate Adult Cat Chicken Chunks With Carrot & Pumpkin In Gravy | 85g,$2.00,$2.35 per 100g
"Nature's Gift ""Adult All Breeds Wet Dog Food Gravy | 100g",$1.30,$1.30 per 100g | Was $1.50 on Sep 2022
Nature's Gift Adult All Breeds Wet Dog Food Gravy With Kangaroo | 100g,$1.30,$1.30 per 100g | Was $1.50 on Sep 2022
Nature's Gift Adult All Breeds Wet Dog Food Loaf Chicken | 100g,$1.30,$1.30 per 100g | Was $1.50 on Sep 2022
Nood Cage Free Chicken Recipe With Garden Vegetables Dog Food | 100g,$2.00,$2.00 per 100g
Purina One Adult 1+Years Kitten Chicken Cat Food Pouch | 70g,$2.20,$3.14 per 100g
Coles Pet Wipes | 40 pack,$6.50,$0.16 per 1ea
Coles Dog Collar With Steel O Ring & Safety Clip Large | 1 pack,$7.00,$7.00 per 1ea
Whistler Tropical Fruit Lorikeet Bar | 100g,$3.50,$3.50 per 100g
,$3.95,$3.95 per 1ea
Vitapet Chewz Rawhide Alternative Roll With Chicken Pasta Dog Treat | 1 pack,$3.95,$3.95 per 1ea
Peters Rabbit & Guinea Pig Lucerne Pellets | 2kg,$6.70,$0.34 per 100g
Temptations Tantalising Turkey Flavour Cat Treats | 85g,$5.00,$5.88 per 100g
Vitapet Cat Litter Tray | 1 each,$7.50,$7.50 per 1ea
Elevate Dry Mature Chicken Cat Food | 800g,$14.00,$1.75 per 100g
Coles Dog Lead | 1 pack,$8.00,$8.00 per 1ea
Harmony No More Waste Wild Bird Block  | 330g,$5.00,$1.52 per 100g
,$6.40,$0.30 per 100g | Was $8.00
Dine Pulled Menu Gravy Indulgence Tuna Cat Food 7x85g | 7 pack,$7.50,$1.26 per 100g | Was $11.00
Lux And Bones Arthouse Collection Printed Collar Small | 1 pack,$14.00,$14.00 per 1ea
Lux And Bones Arthouse Collection Printed Bamboo Cat Bowl | 1 pack,$11.00,$11.00 per 1ea
Lux And Bones Arthouse Collection Printed Collar Medium | 1 pack,$15.00,$15.00 per 1ea
Peters Wormies Dried Mealworms | 100g,$12.00,$12.00 per 100g
Lux And Bones Arthouse Collection Printed Collar Large | 1 pack,$16.00,$16.00 per 1ea
Purina Total Care Flea Powder For Dogs | 200g,$9.35,$4.68 per 100g | Was $11.00
Coles Stainless Steel Bowl Non Skip Large | 1 pack,$12.00,$12.00 per 1ea
Lux And Bones Arthouse Collection Leash | 1 pack,$18.00,$18.00 per 1ea
Total Care Recyclaball Dog Toy | 1 pack,$12.00,$12.00 per 1ea
,$15.00,$4.29 per 100mL
Nerf Dog TPR Spike Ball | 1 pack,$12.00,$12.00 per 1ea
,$13.00,$6.50 per 100mL
Bird Munchies Sunflower Block Bird Treat | 880g,$9.30,$1.06 per 100g
Rufus & Coco 2 in 1 Oatmeal Wash | 200mL,$12.00,$60.00 per 1L | Was $15.00
Purina Total Care Bedding Fresh Spray | 275mL,$12.20,$4.44 per 100mL | Was $14.00
Bx Earth Dog Deodorising Cologne Spray Cherry Blossom | 250mL,$13.00,$5.20 per 100mL
Rufus & Coco Ear & Wound Care | 150mL,$12.40,$8.27 per 100mL | Was $15.50
Rufus & Coco Flea Flee Shampoo | 200mL,$12.40,$62.00 per 1L | Was $15.50
Purina Total Care Palatable Allwormer Cat Kittens Treatment Tablets | 2 pack,$12.75,$6.38 per 1ea | Was $15.00
Trill Large Bird Pellets | 600g,$10.00,$1.67 per 100g
Rascal Dog Treat Pump It Up - Roasted Pumpkin | 125g,$13.00,$10.40 per 100g
Rascal Dog Treat Date Night - Date Banana And Blueberry | 125g,$13.00,$10.40 per 100g
Purina Total Care Flea Tick Control Plus Small Dog Treatment | 1 pack,$13.30,$13.30 per 1ea | Was $19.00
Purina Total Care Tasty All Wormer Small Dog Or Puppies Treatment | 1 pack,$13.00,$13.00 per 1ea
Purina Total Care Knot Remover & Flea Comb Dog | 1 pack,$13.60,$13.60 per 1ea | Was $16.00
Purina Total Care Nail Clippers Dog | 1 pack,$13.60,$13.60 per 1ea | Was $16.00
Rufus & Coco Eco Pee Mat | 1 pack,$13.60,$13.60 per 1ea | Was $17.00
Greenies Original Dog Treat Petite | 170g,$14.00,$8.24 per 100g | Was $18.00
Purina Total Care Flea Control Plus Cat Treatment | 1 pack,$14.00,$14.00 per 1ea | Was $20.00
Rufus & Coco Antiseptic Aid | 75g,$14.40,| Was $18.00
,$21.00,$1.75 per 100g
Marvel Spiderman Plush Dog Toy | 1 pack,$14.70,$14.70 per 1ea | Was $21.00
Lux And Bones Luxury Collection Macrame Leash | 1 pack,$22.50,$22.50 per 1ea
Coles Cat Litter Recycled Paper | 21L,$21.00,$1.00 per 1L
Back To Nature Small Animal Bedding & Litter | 10L,$15.00,$0.15 per 100mL
Total Care Flea Knockdown for Medium & Large Dogs | 3 pack,$18.00,$6.00 per 1ea
Purina Total Care Dog Collar Reflective Medium | 1 pack,$20.00,$20.00 per 1ea
Friskies Dry Adult Surfin & Turfin Favourites Cat Food | 2.5kg,$15.50,$0.62 per 100g
Lux And Bones Harness & Leash Small Set | 1 pack,$25.00,$25.00 per 1ea
,$22.10,$22.10 per 1ea | Was $26.00
Nature's Gift Adult All Breeds Dry Dog Food With Kangaroo | 6kg,$21.00,$0.35 per 100g
Elevate Dry Dog Food Large Breed Chicken | 8kg,$45.00,$0.56 per 100g
Elanco Comfortis Plus Fleas Heartworm & Worms Small Dog Treatment | 1 Pack,$37.00,$37.00 per 1ea
Optimum Lamb And Rice Dog Food With Trays 24x100g | 24 pack,$28.50,$1.19 per 100g
Optimum Grain Free With Chicken & Vegetables Dry Dog Food | 6.5kg,$40.00,$0.62 per 100g
Elanco Comfortis Plus Fleas Heartwormer & Worms Large Dog Treatment | 1 pack,$37.00,$37.00 per 1ea
Pet Treat Bar Semi Moist Liver Bites | approx. 100g,$6.00,$60.00 per 1kg
Pet Treat Bar Liver Training Drops | approx. 100g,$6.00,$60.00 per 1kg
Pyramid Health Treats Kangaroo | approx. 100g,$6.00,$60.00 per 1kg
Pet Treat Bar Booster Chew Veggie | approx. 100g,$6.00,$60.00 per 1kg
Pet Treat Bar Sprinkle Donut | approx. 100g,,
Pet Treat Bar Love Biscuits Berry | approx. 100g,,
Pet Treat Bar Carob Cookies | approx. 100g,$5.50,$55.00 per 1kg
Pet Treat Bar Liver & Charcoal Dental Sticks | approx. 100g,,
"Purina Total Care Flea Knockdown for Cats, Puppies & Small Dog | 3 pack",$16.00,$5.33 per 1ea
Purina One Senior 7+ Dry Cat Food Chicken | 1.4kg,$17.50,$1.25 per 100g
"Purina Total Care Flea Knockdown for Cats, Puppies & Small Dog | 3 pack",$16.00,$5.33 per 1ea
Purina One Senior 7+ Dry Cat Food Chicken | 1.4kg,$17.50,$1.25 per 100g
Coles Soda Water | 1.25L,$1.00,$0.80 per 1L
,$7.00,$5.83 per 1L
Schweppes Mixers Soda Water Multipack Bottles 300mL | 4 pack,$7.00,$5.83 per 1L
Appletiser Sparkling Apple Juice Bottle   | 750mL,$3.15,$4.20 per 1L | Was $4.35
Bells Frozen Pure Bagged Ice | 5kg,$5.40,$1.08 per 1kg
Schweppes Dry Ginger Ale Classic Mixers Multipack Bottles 300mL | 4 pack,$7.00,$5.83 per 1L
Schweppes Mixers Tonic Water Multipack Bottles 300mL | 4 pack,$7.00,$5.83 per 1L
Schweppes Bitter Lemon Flavour Mixer Bottles 300mL | 4 pack,$7.00,$5.83 per 1L
Grapetiser Sparkling Red Grape Juice Bottle | 750mL,$3.15,$4.20 per 1L | Was $4.80
Coles Tonic Water | 1.25L,$1.00,$0.80 per 1L
Coles Dry Ginger Ale | 1.25L,$1.00,$0.80 per 1L
Straten Large Cups | 20 pack,$3.50,$0.18 per 1ea
Bundaberg Traditional Lemonade Multipack Bottles 375mL | 4 pack,$7.00,$4.67 per 1L
Schweppes Tonic Water Mixers Multipack Bottles 300mL | 4 pack,$7.00,$5.83 per 1L
Straten Small Cups 250mL | 20 pack,$2.50,$0.13 per 1ea
Coles Mixer Diet Dry Ginger Ale | 1.25L,$1.00,$0.80 per 1L
Straten Large Cups 400mL | 50 pack,$6.50,$0.13 per 1ea
Straten Small Cups 250mL | 50 pack,$5.00,$0.10 per 1ea
Coles Paper Bowls | 20 pack,$1.50,$0.08 per 1ea
Coles Paper Bowls | 50 pack,$3.15,$0.06 per 1ea
Straten Small Patterned Cups | 20 pack,$3.50,$0.18 per 1ea
Straten Large Patterned Cups 400mL | 20 pack,$4.50,$0.23 per 1ea
Straten Red Mini Paper Cups | 50 pack,$4.50,$9.00 per 100ea
,$7.00,$5.83 per 1L
Carlton Zero Alcohol Beer Cans 4x375mL | 4 pack,$7.55,$5.03 per 1L
Coles Picnic Reusable Tumblers | 4 pack,$4.50,$1.13 per 1ea
Edenvale Non Alcoholic Sparkling Cuvee | 750mL,$8.50,$11.33 per 1L | Was $10.50
Naked Llife Non Alcoholic Cocktail Margarita 4x250mL | 4 pack,$11.95,$11.95 per 1L | Was $14.95
Naked Life Non Alcoholic Cocktail Gin Tonic | 4 pack,$11.95,$2.99 per 1ea | Was $14.95
Great Northern Zero Can 6x375mL | 6 pack,$12.00,$5.33 per 1L
Coopers Ultra Light Drink Bottle 6x375mL | 6 pack,$11.00,$4.89 per 1L
Naked Life Non Alcoholic Cocktail Italian Spritz | 4 pack,$11.95,$2.99 per 1ea | Was $14.95
Naked Life Non Alcoholic Mojito Spritz Cocktail 4x250mL | 4 pack,$11.95,$11.95 per 1L | Was $14.95
Heineken 0.0 Bottle 330mL | 6 pack,$48.00,$24.24 per 1L
Edenvale Non Alcoholic Drink Sauvignon Blanc | 750mL,$8.50,$11.33 per 1L | Was $10.50
McGuigan Zero Alcohol Dry Rose | 750mL,$10.00,$13.33 per 1L
McGuigan Zero Alcohol Chardonnay | 750mL,$10.00,$13.33 per 1L
4 Pines Ultra Low Cans 4x375mL | 4 pack,$12.00,$8.00 per 1L
Hardys Zero Shiraz 750mL | 1 each,$13.00,$17.33 per 1L
Heaps Normal Quiet Non Alcoholic XPA 375mL | 4 pack,$15.00,$10.00 per 1L
Peroni Nastro Azzurro Zero 6x330mL | 6 pack,$12.00,$6.06 per 1L
Naked Life Non Alcoholic Cocktail Cosmo 4x250mL | 4 pack,$11.95,$11.95 per 1L | Was $14.95
Naked Life Non Alcoholic Cocktail Espresso Martini 4x200mL | 4 pack,$11.95,$14.94 per 1L | Was $14.95
Belvoir Farms Non Alc Peach 4x250mL | 4 pack,$12.50,$12.50 per 1L
Cook & Dine Iridescent Stemless Wine Glass | 4 pack,$20.00,$5.00 per 1ea
Great Northern Zero Bottles 6x330mL | 6 pack,$10.00,$5.05 per 1L | Was $12.00
Athletic Brewing Company Run Wild Non Alcholic Beer 6x355mL | 6 pack,$20.00,$9.39 per 1L
Heineken 0.0 Bottle 330mL | 6 pack,,
McGuigan Zero Alcohol Shiraz | 750mL,$10.00,$13.33 per 1L
Naked Life Non Alcoholic Cocktail Canadian | 4 pack,$11.95,$2.99 per 1ea | Was $14.95
Belvoir Farms Non Alc Passionfruit 4x250mL | 4 pack,$12.50,$12.50 per 1L
Mornington Free Pale Ale Non-alcoholic 6x375mL | 6 pack,$15.00,$6.67 per 1L
Outdoor Life Bubble Tumblers | 4 pack,$11.00,$2.75 per 1ea
Heaps Normal Another Larger 4x375mL | 4 pack,$15.00,$10.00 per 1L
Cook & Dine Embossed Glass Tumblers | 4 pack,$16.00,$4.00 per 1ea | Was $20.00
Cook & Dine Ribbed Champagne Coupes | 4 pack,$16.00,$4.00 per 1ea | Was $20.00
Cook & Dine Ribbed Hiball Glasses | 4 pack,$20.00,
Lyre's Italian Spritz Aperol Bottle | 200mL,$20.00,$100.00 per 1L
Lyre's Dry London Spirit Gin Bottle | 200mL,$20.00,$100.00 per 1L
Squealing Pig Spritz Cans Pinot Grigio 250mL | 1 Each,,
Squealing Pig Spritz Cans Rose 250mL | 1 Each,,
Hidden Gem Chardonnay 750mL | 1 Each,,
Hidden Gem Semillon Sauvignon Blanc 750mL | 1 Each,,
Black Label Chardonnay Piccolo 187mL | 1 Each,,
Yellowglen NV Yellow Piccolo 200mL | 1 Each,,
Cleanskin Smooth & Round SEA Merlot 750mL | 1 Each,,
Cleanskin Big & Bold SEA Shiraz 750mL | 1 Each,,
De Bortoli Sacred Hill Chardonnay 750mL | 1 Each,,
De Bortoli Sacred Hill Semillon Sauv Blanc 750mL | 1 Each,,
Cleanskin Crisp & Fresh SEA Chardonnay 750mL | 1 Each,,
Cleanskin Rich & Spicy SEA Shiraz Cabernet 750mL | 1 Each,,
Cleanskin Sweet & Soft SEA Soft Fruity Red 750mL | 1 Each,,
Cleanskin Soft & Smooth SEA Cabernet Merlot 750mL | 1 Each,,
De Bortoli Sacred Hill Reserve Tawny 750mL | 1 Each,,
Whispers Pink Moscato 750mL | 1 Each,,
Whispers Pinot Grigio 750mL | 1 Each,,
Whispers Spumante 750mL | 1 Each,,
Whispers Strawberry Spumante 750mL | 1 Each,,
St Andrews Dry Apera 750mL | 1 Each,,
St Andrews Sweet Apera 750mL | 1 Each,,
St Andrews Cream Apera 750mL | 1 Each,,
St Andrews Medium Dry Apera 750mL | 1 Each,,
St Andrews Australian Tawny 750mL | 1 Each,,
Jamiesons Run Grazier Sem Sauv Blanc 750mL | 1 Each,,
Jamiesons Run Grazier Chardonnay 750mL | 1 Each,,
Jamiesons Run Grazier Shiraz 750mL | 1 Each,,
Jamiesons Run Grazier Cab Sauv 750mL | 1 Each,,
Rock Paper Scissors Rose 750mL | 1 Each,,
Rock Paper Scissors Sauvignon Blanc 750mL | 1 Each,,
Rock Paper Scissors Pinot Grigio 750mL | 1 Each,,
Rock Paper Scissors Moscato 750mL | 1 Each,,
Rock Paper Scissors Sparkling 750mL | 1 Each,$6.00,$0.80 per 100mL | Was $10.00
Zilzie Bulloak Rose 750mL | 1 Each,,
Zilzie Bulloak Pinot Noir 750mL | 1 Each,,
Whispers Rose 750mL | 1 Each,$6.00,$8.00 per 1L
Zilzie Bulloak Sparkling 750mL | 1 Each,$6.00,$8.00 per 1L | Was $10.00
Yarra Burn Prosecco Spritz NV 250mL | 1 Each,$6.00,$24.00 per 1L
Yarra Burn Prosecco Spritz Orange Bitters NV 250mL | 1 Each,$6.00,$24.00 per 1L
Brown Brothers Prosecco NV Can 250mL | 1 Each,$6.00,$24.00 per 1L
Bulloak Zilzie Cabernet Sauvignon 750mL | 1 Each,$6.00,$8.00 per 1L | Was $9.00
Zilzie Bulloak Sauvignon Blanc 750mL | 1 Each,,
Whispers Sauvignon Blanc 750mL | 1 Each,,
Whispers Chardonnay 750mL | 1 Each,,
Whispers Shiraz 750mL | 1 Each,,
Whispers Sparkling White 750mL | 1 Each,,
Jacob's Creek Chardonnay Pinot NV Piccolo 200mL | 1 Each,$6.00,$30.00 per 1L
Whispers Sparkling Moscato 750mL | 1 Each,,
Whispers Sparkling Pink Moscato 750mL | 1 Each,,
Whispers White Moscato 750ml | 1 Each,,
Brown & Co A Little Refreshing Prosecco 250mL | 1 Each,$6.50,$26.00 per 1L
Brown & Co A Little Refreshing Rose 250mL | 1 Each,$6.50,
Wolf Blass Red Label Shiraz Cabernet 750mL | 1 Each,,
Wolf Blass Red Label Chardonnay 750mL | 1 Each,,
Wolf Blass Red Label Reserve Tawny 750mL | 1 Each,,
Yarra Burn YB Cuvee NV 750mL | 1 Each,,
Yarra Burn YB Rose NV 750mL | 1 Each,,
Yarra Burn YB Prosecco 750mL | 1 Each,,
Pizzini Pinot Grigio Spritz Can NV 250mL | 1 Each,,
Pizzini Pinot Rose Spritz Can NV 250mL | 1 Each,,
Rosie Spritz 330mL | 1 Each,$7.00,$21.21 per 1L
Lana's Bike Riesling 750mL | 1 Each,$7.00,$9.33 per 1L | Was $14.00
Rosie Spritz Elderflower NV 330mL | 1 Each,$7.00,$21.21 per 1L
Wolf Blass Red Label Cabernet Merlot 750mL | 1 Each,,
Lana's Bike Pinot Noir 750mL | 1 Each,$7.00,$9.33 per 1L | Was $14.00
Lana's Bike Rose 750mL | 1 Each,$7.00,$9.33 per 1L | Was $14.00
Lana's Bike Malbec 750mL | 1 Each,$7.00,$9.33 per 1L | Was $14.00
Lana's Bike Grenache 750mL | 1 Each,$7.00,$9.33 per 1L | Was $14.00
Cradle Bay Sauvignon Blanc 750mL | 1 Each,,
Wolf Blass Red Label Chardonnay Pinot Noir NV 750mL | 1 Each,,
Lana's Bike Sauvignon Blanc 750mL | 1 Each,,
Story Bay Semillon Sauv Blanc 750mL | 1 Each,,
Jacob's Creek Semillon Sauvignon Blanc 750mL | 1 Each,,
Jacob's Creek Shiraz Cabernet 750mL | 1 Each,,
Jacob's Creek Riesling 750mL | 1 Each,,
Donnari Rosso Lambrusco 750mL | 1 Each,,
Lindemans Bin 65 Chardonnay 750mL | 1 Each,,
McGuigan Black Label Red Blend 750mL | 1 Each,,
Hardys VR Shiraz 1L | 1 Each,,
Lindemans Bin 95 Sauvignon Blanc 750mL | 1 Each,,
Lindemans Bin 45 Cabernet Sauvignon 750mL | 1 Each,,
Casal Mendes Rose 750mL | 1 Each,,
Jacob's Creek Chardonnay 750mL | 1 Each,,
Hardys VR Chardonnay 1L | 1 Each,,
Yellow Tail Pink Bubbles 750mL | 1 Each,,
Pablo & Pedro Tempranillo 750mL | 1 Each,,
Hardys VR Semillon Sauvignon Blanc 1L | 1 Each,,
Franco & Rico Malbec 750mL | 1 Each,,
Hardys VR Rose 1L | 1 Each,$8.00,$8.00 per 1L | Was $10.00
Isabella & Katarina Grenache 750mL | 1 Each,$8.00,$10.67 per 1L | Was $12.00
Yellow Tail Malbec 750mL | 1 Each,$8.00,$10.67 per 1L | Was $10.00
Yellow Tail Pure Bright Pinot Noir 750mL | 1 Each,$8.00,$10.67 per 1L | Was $10.00
Yellow Tail Pure Bright Sparkling 750mL | 1 Each,$8.00,$10.67 per 1L | Was $10.00
Hardys VR Merlot 1L | 1 Each,,
Yellow Tail Pinot Noir 750mL | 1 Each,$8.00,$10.67 per 1L | Was $10.00
Yellow Tail Cabernet Sauvignon 750mL | 1 Each,,
Hardys VR Cabernet Sauvignon 1000mL | 1 Each,,
Yellow Tail Semillon Sauvignon Blanc 750mL | 1 Each,,
Yellow Tail Pinot Grigio 750mL | 1 Each,,
Lindemans Bin 40 Merlot 750mL | 1 Each,,
Jacob's Creek Cabernet Merlot 750mL | 1 Each,,
Jim Beam White Bourbon 50mL | 1 Each,,
McGuigan Black Label Merlot 750mL | 1 Each,,
Jacob's Creek Merlot 750mL | 1 Each,,
Lachlan Ridge Chardonnay Cask 2Litre | 1 Each,,
Lachlan Ridge Cabernet Merlot Cask 2Litre | 1 Each,,
Jacob's Creek Shiraz 750mL | 1 Each,,
John Dapetrosino Pinot Grigio 750mL | 1 Each,$8.00,$10.67 per 1L | Was $10.00
McGuigan Black Label Cabernet Merlot 750mL | 1 Each,,
Banrock Station Rose 750mL | 1 Each,,
Yellow Tail Chardonnay 750mL | 1 Each,,
Yellow Tail Shiraz 750mL | 1 Each,,
Yellow Tail Bubbles 750mL | 1 Each,,
Jacob's Creek Sauvignon Blanc 750mL | 1 Each,,
Jacob's Creek Pinot Noir 750mL | 1 Each,,
Parson's Paddock Shiraz 750mL | 1 Each,,
Parson's Paddock Cabernet Sauvignon 750mL | 1 Each,,
Jacob's Creek Cabernet Sauvignon 750mL | 1 Each,,
Hardys VR Sauvignon Blanc 1000mL | 1 Each,,
Lachlan Ridge Shiraz 2L | 1 Each,,
Jacob's Creek Shiraz Rose 750mL | 1 Each,,
Wahu New Zealand Sauv Blanc 750mL | 1 Each,$8.50,$11.33 per 1L
Yellowglen NV Yellow 750mL | 1 Each,,
Jacob's Creek Chardonnay Pinot Noir NV 750mL | 1 Each,,
Sensi Organic Chianti 750mL | 1 Each,$9.00,$12.00 per 1L | Was $10.00
The Stubborn Few Shiraz Cask 2 Litre | 1 Each,,
The Stubborn Few Sauvignon Blanc Cask 2 Litre | 1 Each,,
The Stubborn Few Pinot Noir Cask 2Litre | 1 Each,,
The Stubborn Few Pinot Gris Cask 2Litre | 1 Each,,
Henkell Trocken Rose Piccolo 200mL | 1 Each,,
Tail Spin Langhorne Creek Cabernet Sauvignon 750mL | 1 Each,,
Yellowglen NV Red 750mL | 1 Each,$9.00,$12.00 per 1L
Yellowglen NV Pink 750mL | 1 Each,,
Banrock Station Moscato 750mL | 1 Each,,
Banrock Station Pink Moscato 750mL | 1 Each,,
B Francois Brut NV 750mL | 1 Each,,
McWilliams Royal Reserve Tawny 750mL | 1 Each,,
McWilliams Royal Reserve Medium Dry Apera 750mL | 1 Each,,
McWilliams Royal Reserve Cream Apera 750mL | 1 Each,,
McWilliams Royal Reserve Dry Apera 750mL | 1 Each,,
McWilliams Royal Reserve Sweet Apera 750mL | 1 Each,,
George Wyndham Bin 555 Shiraz 750mL | 1 Each,,
Fifth Leg Semillon Sauvignon Blanc 750mL | 1 Each,,
Annie's Lane Clare Valley Cabernet Merlot 750mL | 1 Each,,
Annie's Lane Clare Valley Riesling 750mL | 1 Each,,
Annie's Lane Shiraz 750mL | 1 Each,,
Fifth Leg Red Blend 750mL | 1 Each,,
Houghton White Classic 750mL | 1 Each,,
Zilzie Prosecco 750mL | 1 Each,,
Choosy Beggars Rose 750mL | 1 Each,,
Choosy Beggars Choosy Beggars Sauvignon Blanc Semillon 750mL | 1 Each,,
The Kraken Black Spiced Rum 50mL | 1 Each,$10.00,
Tinnies Ultra Low Alcohol Can 375mL | 6 Pack,,
St Hallett Faith 375mL | 1 Each,,
Birds Eye View Cabernet Sauvignon 750mL | 1 Each,,
Zilzie Liv Lighter Sauvignon Blanc 750mL | 1 Each,,
Zilzie Liv Lighter Pinot Grigio 750mL | 1 Each,,
Zilzie Liv Lighter Rose 750mL | 1 Each,$10.00,$13.33 per 1L | Was $15.00
Zilzie Liv Lighter Pinot Noir 750mL | 1 Each,,
Georgie Orbach Rose 750mL | 1 Each,$10.00,$13.33 per 1L | Was $12.00
Bijou Terre de Providence Rose 750mL | 1 Each,$10.00,$13.33 per 1L | Was $20.00
Lorry Boys Pale Ale Can 375mL | 4 Pack,,
Lorry Boys Pacific Ale Can 375mL | 4 pack,,
Wynns The Siding Cabernet Sauvignon 375mL | 1 Each,,
Boronia Marsala 750mL | 1 Each,,
Houghton Red Classic 750mL | 1 Each,,
Jacob's Creek Trilogy Sparkling 750mL | 1 Each,,
Pensilva Sangiovese 750mL | 1 Each,$10.00,$13.33 per 1L | Was $20.00
Far & Wide Malbec 750mL | 1 Each,$10.00,$13.33 per 1L | Was $20.00
Far & Wide Grenache 750mL | 1 Each,$10.00,$13.33 per 1L | Was $20.00
Hardys Brave New World Grenache 750mL | 1 Each,$10.00,$13.33 per 1L | Was $19.00
Far & Wide Prosecco Rose DOC 750mL | 1 Each,$10.00,$13.33 per 1L | Was $20.00
Pensilva Grenache 750mL | 1 Each,$10.00,$13.33 per 1L | Was $20.00
BoxCar Malbec 1L | 1 Each,$10.00,$10.00 per 1L
BoxCar Pinot Noir 1L | 1 Each,$10.00,$10.00 per 1L
Far & Wide Fiano di Avellino DOCG 750mL | 1 Each,$10.00,$13.33 per 1L | Was $20.00
Far & Wide Riesling 750mL | 1 Each,$10.00,$13.33 per 1L | Was $20.00
Far & Wide Chardonnay 750mL | 1 Each,$10.00,$13.33 per 1L | Was $20.00
BoxCar Pinot Grigio 1L | 1 Each,$10.00,$10.00 per 1L
Local Brewing Sustainable Sour Can 375mL | 4 Pack,$10.00,$6.67 per 1L | Was $16.00
Johnnie Walker Red Scotch Whisky Min 50mL | 1 Each,,
Smirnoff Vodka 50mL | 1 Each,,
Pensilva Pinot Noir 750mL | 1 Each,$10.00,$13.33 per 1L | Was $20.00
One Good Turn Merlot 750mL | 1 Each,$10.00,$13.33 per 1L | Was $14.00
One Good Turn Pinot Noir 750mL | 1 Each,$10.00,$13.33 per 1L | Was $14.00
Yellow Tail Pure Bright Shiraz 750mL | 1 Each,$10.00,$13.33 per 1L
Jack Daniels Tennessee Whiskey Min 50mL | 1 Each,,
Yellow Tail Pure Bright Chardonnay 750mL | 1 Each,$10.00,$13.33 per 1L
Pensilva Estate Shiraz 750mL | 1 Each,,
Grant Burge Pinot Chardonnay NV 200mL | 1 Each,,
Donnari Bianco Lambrusco 750mL | 1 Each,,
Pensilva Cabernet Sauvignon 750mL | 1 Each,$10.00,$13.33 per 1L | Was $20.00
Fifth Leg Rose 750mL | 1 Each,,
George Wyndham Bin 888 Cabernet Merlot 750mL | 1 Each,,
Mcguigan Black Label Sauvignon Blanc 750mL | 1 Each,,
Penfolds Club Old Tawny 750mL | 1 Each,,
Yalumba Y Series Tempranillo 750mL | 1 Each,$11.00,$1.47 per 100mL | Was $14.00
Atiru Marlborough Sauvignon Blanc 750mL | 1 Each,,
Carlton Zero Bottle 330mL | 6 Pack,$11.00,$5.56 per 1L
Uberbrau Ultra Low Alcohol Lager 330mL | 6 Pack,,
Atiru East Coast Pinot Gris 750mL | 1 Each,$11.00,$14.67 per 1L | Was $22.00
Penola Estate Shiraz 750mL | 1 Each,,
Cointreau Liqueur Min 50mL | 1 Each,,
TUA Pinot Grigio Rose 750mL | 1 Each,$11.00,$14.67 per 1L | Was $15.00
Yalumba Y Series Sangiovese Rose 750mL | 1 Each,$11.00,$14.67 per 1L | Was $15.00
Yalumba Riesling | 750mL,$11.00,$1.47 per 100mL | Was $14.00
Gordons Dry Gin Min 50mL | 1 Each,,
Yalumba Y Series Pinot Grigio 750ml | 1 Each,,
Penola Estate Cabernet Sauvignon 750mL | 1 Each,,
Atiru East Coast Rose 750mL | 1 Each,$11.00,$14.67 per 1L | Was $20.00
Portone Pinot Grigio 750mL | 1 Each,,
Portone Pinot Grigio Rose 750mL | 1 Each,,
Aradon Rioja 750mL | 1 Each,,
Bird In Hand Piccolo Sparkling Pinot Noir 200mL | 1 Each,,
Yalumba Y Series Viognier 750mL | 1 Each,,
Cook & Dine Textured Tumblers | 4 pack,$11.20,$2.80 per 1ea | Was $14.00
Rapaura Springs Marlborough Sauvignon Blanc 750mL | 1 Each,,
Rapaura Springs Pinot Gris 750mL | 1 Each,,
Banrock Station Shiraz Cabernet Cask 2L | 1 Each,,
The People's Pinot Gris 750mL | 1 Each,,
The People's Sauvignon Blanc 750mL | 1 Each,,
The People's Pinot Noir 750mL | 1 Each,,
Brown Brothers Late Harvest Orange Muscat & Flora 375mL | 1 Each,$12.00,$3.20 per 100mL
Great Northern Super Crisp Lager Bottle 330mL | 6 Pack,,
Taylors One Small Step Cabernet Merlot 750mL | 1 Each,,
Taylors One Small Step Cabernet Sauvignon 750mL | 1 Each,,
Taylors One Small Step Shiraz 750mL | 1 Each,,
Taylors One Small Step Chardonnay 750mL | 1 Each,,
The Ned Rose 750mL | 1 Each,,
Mildara Limestone Coast Cabernet Sauvignon 750mL | 1 Each,,
Tempus Two Graphite Series Chardonnay 750mL | 1 Each,,
Tempus Two Graphite Series Shiraz 750mL | 1 Each,,
The People's Sessions Sauvignon Blanc 750mL | 1 Each,,
Barton & Guestier AOC Rose d'Anjou 750mL | 1 Each,,
Mildara Limestone Coast Cabernet Shiraz 750mL | 1 Each,,
Tempus Two Graphite Series Pinot Grigio 750mL | 1 Each,,
Smithy's Easy Drinking Beer Can 375mL | 6 Pack,,
Tempus Two Graphite Prosecco | 1 Each,,
Selaks Taste Collection Buttery Chardonnay 750mL | 1 Each,,
Selaks Taste Collection Pepper & Spice Shiraz 750mL | 1 Each,,
Selaks Taste Collection Velvety Pinot Noir 750mL | 1 Each,,
The People's Wine Spanish Tempranillo 750mL | 1 Each,,
Great Northern Zero Bottle 330mL | 6 Pack,$12.00,$6.06 per 1L
Rose Time 750mL | 1 Each,,
Smithy's Bitter Can 375mL | 6 Pack,$12.00,$5.33 per 1L | Was $16.00
Smithy's Draught Can 375mL | 6 Pack,$12.00,$5.33 per 1L | Was $16.00
Smithy's Premium Lager Bottle 330mL | 6 Pack,$12.00,$6.06 per 1L | Was $16.00
Smithy's Dry Lager Bottle 330mL | 6 Pack,$12.00,$6.06 per 1L | Was $16.00
Smithy's Mid Strength Bottle 330mL | 6 Pack,$12.00,$6.06 per 1L | Was $14.00
Tempus Two Graphite Sangiovese 750mL | 1 Each,$12.00,$16.00 per 1L | Was $17.00
Tempus Two Graphite Grenache 750mL | 1 Each,$12.00,$16.00 per 1L | Was $17.00
Jacob's Creek Sparkling Rose 750mL | 1 Each,,
Banrock Station Cabernet Merlot Cask 2L | 1 Each,,
The Ned Marlborough Sauvignon Blanc 750mL | 1 Each,,
Johnnie Walker Black Scotch Whisky Min 50mL | 1 Each,,
Elodie Moscato 750mL | 1 Each,$12.00,$16.00 per 1L | Was $14.00
Elodie Pink Moscato 750mL | 1 Each,$12.00,$16.00 per 1L | Was $14.00
XXXX Zero 6X330mL | 6 pack,$12.00,$6.06 per 1L
La Promesse Loire Sauvignon Blanc 750mL | 1 Each,,
Selaks Taste Collection Honeysuckle Pinot Gris 750mL | 1 Each,$12.00,$16.00 per 1L | Was $20.00
The People's Piquette Marlborough Sauvignon Blanc 750mL | 1 Each,$12.00,$16.00 per 1L | Was $20.00
Selaks Taste Collection Berries & Cream Rose 750mL | 1 Each,$12.00,$16.00 per 1L | Was $20.00
The Ned Pinot Gris 750mL | 1 Each,,
Banrock Station Sauvignon Blanc Cask 2 Litre | 1 Each,,
Zilzie Estate Pinot Grigio 750mL | 1 Each,,
Renmano Aged Tawny Cask 2L | 1 Each,,
Zilzie Estate Cab Sauvignon 750mL | 1 Each,,
Zilzie Estate Merlot 750mL | 1 Each,,
Evans & Tate Classic Margaret River Sem Sauv Blan 750mL | 1 Each,,
Nexba Non Alcoholic Spritz Amalfi | 750mL,$12.20,$16.27 per 1L
Nexba Non Alcoholic Spritz Limoncello | 750mL,$12.20,$16.27 per 1L
Grant Burge Cellar Cut Merlot 750mL | 1 Each,,
Tinnies Ultra Low Alcohol Beer 6x375mL | 6 pack,,
Cook & Dine Textured Hiball Glasses | 4 pack,$12.80,$3.20 per 1ea | Was $16.00
Uberbrau Imported Lager Bottle 330mL | 6 Pack,,
Tulloch Hunter Valley Verdelho 750mL | 1 Each,,
Earthworks Barossa Tempranillo 750mL | 1 Each,,
Earthworks South Australia Riesling 750mL | 1 Each,,
19 Crimes Shiraz 750mL | 1 Each,,
19 Crimes Uprising 750mL | 1 Each,,
19 Crimes Cabernet Sauvignon 750mL | 1 Each,,
Botter Prosecco DOC 750mL | 1 Each,,
Fat Pixie Hard Apple Cider Can 375mL | 4 Pack,,
19 Crimes Hard Chard 750mL | 1 Each,,
Aura Rose 750mL | 1 Each,,
Aura Pinot Noir 750mL | 1 Each,,
Kahlua Coffee Liqueur 200mL | 1 Each,,
Fat Pixie Lower Sugar Strawberry & Lime Cider Can 375mL | 4 Pack,,
Bumblebee Organic Shiraz 750mL | 1 Each,,
Bumblebee Organic Cabernet Sauvignon 750mL | 1 Each,,
Bumblebee Organic Chardonnay 750mL | 1 Each,,
19 Crimes Malbec 750mL | 1 Each,,
Katnook Squires Shiraz 375mL | 1 Each,,
Squealing Pig Pinot Noir 375mL | 1 Each,,
Pepperjack Shiraz 375mL | 1 Each,,
La Fabrica De Suenos Organic Cava NV 750mL | 1 Each,$13.00,$17.33 per 1L | Was $18.00
James Estate Chardonnay 750mL | 1 Each,,
Andrew Garrett Sparkling Shiraz 750mL | 1 Each,,
Earthworks Shiraz 750mL | 1 Each,,
19 Crimes Sangiovese 750mL | 1 Each,$13.00,$17.33 per 1L | Was $17.00
Earthworks Cabernet Sauvignon 750mL | 1 Each,,
Sevenly By SJP Red Blend 750mL | 1 Each,$13.00,| Was $20.00
Sevenly By SJP Rose 750mL | 1 Each,$13.00,$17.33 per 1L | Was $20.00
Sevenly By SJP Sauvignon Blanc 750mL | 1 Each,$13.00,$17.33 per 1L | Was $20.00
Sevenly By SJP Prosecco 750mL | 1 Each,$13.00,$17.33 per 1L | Was $20.00
Bumblebee Organic Merlot 750mL | 1 Each,$13.00,$17.33 per 1L | Was $18.00
Bumblebee Organic Tempranillo 750mL | 1 Each,$13.00,$17.33 per 1L | Was $18.00
Brick Lane Hi-Fi Dry Japanese No Carb Lager Can 355mL | 6 Pack,$13.00,$6.10 per 1L | Was $19.00
The Trip Rose 750mL | 1 Each,$13.00,$17.33 per 1L | Was $14.00
The Trip Sauvignon Blanc 750mL | 1 Each,$13.00,$17.33 per 1L | Was $14.00
The Trip Chardonnay 750mL | 1 Each,$13.00,$17.33 per 1L | Was $14.00
Earthworks Rose 750mL | 1 Each,$13.00,$17.33 per 1L | Was $20.00
Tangled Vine Rose Cask 4L | 1 Each,$13.00,$3.25 per 1L
Casa Santos Lima Quinta De Bons-Ventos 750mL | 1 Each,$13.00,$1.73 per 100mL
Tyrrell's Old Winery Chardonnay 750mL | 1 Each,,
St Helena Brandy 150mL | 1 Each,,
Curious Kiwi Pinot Noir 750mL | 1 each,,
Tyrrell's Old Winery Pinot Noir 750mL | 1 Each,,
West Coast Cooler Bottles 250mL | 4 Pack,,
Angove Organic Sauvignon Blanc 750mL | 1 Each,,
Brown Brothers Moscato & Sauvignon Blanc 750mL | 1 Each,,
Tangled Vine Cabernet Merlot Cask 4 Litre | 1 Each,,
Tangled Vine Chardonnay Cask 4 Litre | 1 Each,,
Brown Brothers Moscato 750mL | 1 Each,,
Penfolds Koonunga Hill Shiraz Cabernet 750mL | 1 Each,,
Henninger Premium Lager Bottle 330mL | 6 Pack,,
﻿Stones Green Ginger Wine 750mL | 1 Each,,
Maxx Dry Bottle 330mL | 6 pack,,
Brite Blonde Ultra Low Carb Bottle 330mL | 6 pack,,
Angove Organic Shiraz 750mL | 1 Each,,
Angove Organic Pinot Grigio 750mL | 1 Each,,
Henkell Trocken Brut Sekt NV 750mL | 1 Each,,
Children Of The Revolution Pinot Noir 750mL | 1 Each,,
Children Of The Revolution Grenache 750mL | 1 Each,,
San Juan Lager Bottle 330mL | 6 Pack,$14.00,| Was $18.00
Beer Pilsner Bottle 330mL | 6 Pack,$14.00,$7.07 per 1L | Was $16.00
Yarra Burn Prosecco NV Rose 750mL | 1 Each,$14.00,$18.67 per 1L | Was $20.00
Children Of The Revolution Sangiovese 750mL | 1 Each,$14.00,$18.67 per 1L | Was $17.00
Children Of The Revolution Tempranillo 750mL | 1 Each,$14.00,$18.67 per 1L | Was $17.00
Tangled Vine Shiraz 4L | 1 Each,$14.00,$3.50 per 1L
Tangled Vine Sauvignon Blanc 4L | 1 Each,$14.00,$3.50 per 1L
Brown Brothers Cienna 750mL | 1 Each,,
Zilzie Estate Prosecco Rose 750mL | 1 Each,$14.00,$18.67 per 1L
Robinsons Marlborough Sauv Blanc 750mL | 1 Each,,
Penfolds Koonunga Hill Cabernet Sauvignon Bvs 750mL | 1 Each,,
Tangled Vine Soft Fruity White Cask 4Litre | 1 Each,,
Tangled Vine Crisp Dry White Cask 4Litre | 1 Each,,
Tangled Vine Smooth Dry Red Cask 4 Litre | 1 Each,,
Pure Blonde Cider & Soda Can 330mL | 4 Pack,$14.00,$10.61 per 1L | Was $17.00
4 FACES Adelaide Hills Pinot Grigio 750mL | 1 Each,$14.00,$18.67 per 1L | Was $18.00
4 FACES Adelaide Hills Sauvignon Blanc 750mL | 1 Each,$14.00,$18.67 per 1L | Was $18.00
The Trip Pinot Grigio 750mL | 1 Each,$14.00,$18.67 per 1L
Wynns Coonawarra Shiraz 750mL | 1 Each,,
Brown Brothers Moscato Rosa 750mL | 1 Each,,
Angove Organic Shiraz Cabernet 750mL | 1 Each,,
Dorio Montepulciano 750mL | 1 Each,,
Fox Gordon Sassy Sauvignon Blanc 750mL | 1 Each,,
Wynns 'The Siding' Cabernet Sauvignon 750mL | 1 Each,,
Royal Dutch Posthorn Ext Smooth Can 500mL | 4 Pack,,
Penfolds Koonunga Hill Shiraz 750mL | 1 Each,,
Hardys Tintara Mclaren Vale Shiraz 750mL | 1 Each,,
Hardys Tintara Mclaren Vale Cabernet Sauvignon 750mL | 1 Each,,
Saltram 1859 Barossa Shiraz 750ml | 1 Each,,
Peter Lehmann Shoulder to Shoulder Shiraz 750mL | 1 Each,,
St Hallett Faith Shiraz 750mL | 1 Each,,
Squealing Pig Pinot Gris 750mL | 1 Each,,
Punters Corner Cabernet Sauvignon 750mL | 1 Each,,
Daybreak Crisp Dry White 5 Litre | 1 Each,,
De Bortoli Windy Peak Pinot Noir 750mL | 1 Each,,
Two Churches The Preacher Chardonnay 750mL | 1 Each,,
Two Churches The Preacher Shiraz 750mL | 1 Each,,
Two Churches The Preacher Cabernet 750mL | 1 Each,,
Two Churches The Preacher Riesling 750mL | 1 Each,,
Brown Brothers Crouchen Riesling 750mL | 1 Each,,
Sorellina King Valley Prosecco 750mL | 1 Each,,
Squealing Pig Pinot Noir Rose 750mL | 1 Each,,
Chivas Regal 12YO Blended Scotch Whisky 200mL | 1 Each,,
Evans & Tate Hullabaloo Chardonnay 750mL | 1 Each,,
Devil's Lair Honeybomb Rose 750mL | 1 Each,,
Fat Bastard Pinot Noir 750mL | 1 Each,,
Peter Lehmann Shoulder to Shoulder Cab Sauv 750mL | 1 Each,,
Sisters Run Chardonnay 750mL | 1 Each,,
Jameson Irish Whiskey 200mL | 1 Each,,
Squealing Pig Tempranillo 750mL | 1 Each,,
Brilla Prosecco 750mL | 1 Each,,
Carlsberg Green Bottle 330mL | 6 pack,,
Squealing Pig Prosecco NV 750mL | 1 Each,,
Camshorn Pinot Gris 750mL | 1 Each,,
Camshorn Sauvignon Blanc 750mL | 1 Each,,
Paxton Vale Organics Shiraz 750mL | 1 Each,,
Paxton Vale Organics Red Blend 750mL | 1 Each,,
Hardys Tintara Grenache Shiraz Mataro 750mL | 1 Each,,
Hardys Tintara Tempranillo 750mL | 1 Each,,
Hero of Zero PF Shiraz 750mL | 1 Each,,
Hero of Zero PF Pinot Noir 750mL | 1 Each,,
Love Not War Organic Shiraz 750mL | 1 Each,,
Love Not War Organic Sangiovese 750mL | 1 Each,,
Fat Bastard Malbec 750mL | 1 Each,,
Jacob's Creek Nature's Craft Shiraz Cab 750mL | 1 Each,,
The Group The Murder McLaren Vale Shiraz 375mL | 1 Each,,
The Group The Shadow Adelaide Hills Pinot Noir 375mL | 1 Each,,
Peter Drayton Ironbark Hill Hunter Valley Chardonnay 750mL | 1 Each,,
Peter Drayton Ironbark Hill Hunter Valley Shiraz 750mL | 1 Each,,
Peter Drayton Ironbark Hill Cabernet Sauvignon 750mL | 1 Each,,
Postcards from Italy Organic Pinot Grigio 750mL | 1 Each,$15.00,$20.00 per 1L | Was $20.00
Postcards from Italy Organic Pinot Grigio Rose 750mL | 1 Each,$15.00,$20.00 per 1L | Was $20.00
Postcards from Italy Soave Doc Organic 750mL | 1 Each,$15.00,$20.00 per 1L | Was $20.00
Postcards from Italy Organic Nero D'Avola 750mL | 1 Each,$15.00,$20.00 per 1L | Was $20.00
Postcards from Italy Organic Montepulciano 750mL | 1 Each,$15.00,$20.00 per 1L | Was $20.00
Postcards from Italy Prosecco DOC Organic 750mL | 1 Each,,
Jacob's Creek Nature's Craft Chardonnay 750mL | 1 Each,,
Fat Bastard Shiraz 750mL | 1 Each,,
Jacob's Creek Nature's Craft Rose 750mL | 1 Each,$15.00,$20.00 per 1L | Was $20.00
Hero of Zero PF Sauvignon Blanc 750mL | 1 Each,$15.00,$20.00 per 1L | Was $20.00
Coconut Beach 750mL | 1 Each,,
Brilla Prosecco Spumante DOC Rose 750mL | 1 Each,$15.00,$20.00 per 1L | Was $20.00
Love Not War Organic Fiano 750mL | 1 Each,$15.00,$20.00 per 1L | Was $22.00
Vero Aperitivo Spritz 750mL | 1 Each,$15.00,| Was $22.00
De Bortoli Prosecco Rose 750mL | 1 Each,$15.00,$20.00 per 1L | Was $18.00
Peter Lehmann Shoulder to Shoulder Grenache 750mL | 1 Each,$15.00,$20.00 per 1L | Was $20.00
Love Not War Pinot Grigio 750mL | 1 Each,$15.00,$20.00 per 1L | Was $22.00
Hero of Zero PF Pinot Grigio 750mL | 1 Each,$15.00,$20.00 per 1L | Was $20.00
De Bortoli Petit Moscato 750mL | 1 Each,$15.00,$20.00 per 1L | Was $18.00
De Bortoli Blue Gris 750mL | 1 Each,$15.00,$20.00 per 1L | Was $18.00
Camshorn Chardonnay 750mL | 1 Each,$15.00,$20.00 per 1L | Was $24.00
Kim Crawford Illuminate Hawke's Bay Rose 750mL | 1 Each,$15.00,$20.00 per 1L | Was $20.00
Wildly Organic Sparkling NV 750mL | 1 Each,$15.00,$20.00 per 1L | Was $22.00
De Bortoli Rose Rose 750mL | 1 Each,$15.00,$20.00 per 1L | Was $18.00
Maison Prosecco Rose 750mL | 1 Each,$15.00,$20.00 per 1L | Was $20.00
Pirate Life Point Nine Can 355mL | 4 Pack,$15.00,
St Agnes VS Brandy 150mL | 1 Each,,
Brew Dog Nanny State Can 375mL | 4 Pack,$15.00,$10.00 per 1L
Squealing Pig Lower Alc Brut Cuvee 750mL | 1 Each,$15.00,$20.00 per 1L | Was $20.00
Deep Woods Ivory Semillon Sauvignon Blanc 750mL | 1 Each,,
Tinnies Lower Sugar Ginger Beer Can 330mL | 6 Pack,$15.00,$7.58 per 1L | Was $20.50
Akasha Super Chill Can 375mL | 4 Pack,$15.00,$10.00 per 1L | Was $19.00
The Butchers Cellar Malbec 750mL | 1 Each,$15.00,$20.00 per 1L | Was $20.00
The Butchers Cellar Cabernet Sauvignon 750mL | 1 Each,$15.00,$20.00 per 1L | Was $20.00
The Butchers Cellar Shiraz 750mL | 1 Each,$15.00,$20.00 per 1L | Was $20.00
Moon Dog Fizzer Tropical Crush 330mL | 4 Pack,$15.00,$11.36 per 1L
Sisters Run Malbec 750mL | 1 Each,$15.00,$20.00 per 1L | Was $20.00
Hardys VR Chardonnay 3L | 1 Each,$15.00,$5.00 per 1L | Was $20.00
Hardys VR Cabernet Sauvignon 3000mL | 1 Each,$15.00,$5.00 per 1L | Was $20.00
St Andrews Green Ginger Wine 750mL | 1 Each,$15.00,$20.00 per 1L
Deep Woods Harmony Rose 750mL | 1 Each,,
Quilty & Gransden Chardonnay 750mL | 1 Each,$15.00,$20.00 per 1L | Was $16.00
Quilty & Gransden Sauvignon Blanc 750mL | 1 Each,$15.00,$20.00 per 1L | Was $16.00
Pepperjack Chardonnay 375mL | 1 Each,$15.00,$40.00 per 1L
Hard Fizz X Grape and Strawberry Caffeine Seltzer Can 250mL | 4 Pack,$15.00,$15.00 per 1L | Was $22.00
Paxton Vale Organics Rose 750mL | 1 Each,$15.00,$20.00 per 1L | Was $20.00
Travla Mid Strength Lager Can 375mL | 6 Pack,$15.00,$6.67 per 1L | Was $19.00
Wildly Organic Sparkling Rose 750mL | 1 Each,$15.00,$20.00 per 1L | Was $22.00
Wildly Organic Rose 750mL | 1 Each,$15.00,$20.00 per 1L | Was $22.00
Zeffer Non Alc Apple Cider 4x330mL | 4 pack,$15.00,$11.36 per 1L
James Estate Shiraz 750mL | 1 Each,$15.00,$20.00 per 1L
Jules Taylor Marlborough Sauv Blanc 750mL | 1 Each,,
Coopers Original Pale Ale Bottle 375mL | 6 Pack,,
Daybreak Soft Fruity White Cask 5 Litre | 1 Each,,
Daybreak Sweet Fruity White 5 Litre | 1 Each,,
De Bortoli Windy Peak Chardonnay 750mL | 1 Each,,
Altoona Hills Cabernet Shiraz 750mL | 1 Each,$15.00,$20.00 per 1L
Altoona Hills Rose 750mL | 1 Each,$15.00,$20.00 per 1L
Sisters Run Shiraz 750mL | 1 Each,,
Sisters Run Cabernet Sauvignon 750mL | 1 Each,,
Squealing Pig Marlborough Sauvignon Blanc 750mL | 1 Each,$15.00,$20.00 per 1L | Was $20.00
Brancott Estate Sauvignon Blanc 750mL | 1 each,,
Winesmiths Premium Selection Cabernet Sauvignon 2 Litre | 1 Each,,
Steamrail Pale Ale Bottle 330mL | 6 Pack,,
Winesmiths Premium Selection Chardonnay Cask 2 Litre | 1 Each,,
Taylors Estate Pinot Noir 750ml | 1 Each,,
Rosemount Diamond Label Shiraz 750mL | 1 Each,,
Taylors Estate Chardonnay 750mL | 1 Each,,
Taylors Estate Riesling 750mL | 1 Each,,
Winesmiths Prem Selec Sauv Blanc Semillon 2 Litre | 1 Each,,
Winesmiths Premium Selection Shiraz Cask 2 Litre | 1 Each,,
Jacob's Creek Reserve Sparkling Prosecco 750mL | 1 Each,,
Taylors Estate Cabernet Sauvignon 750mL | 1 Each,,
Taylors Estate Shiraz 750mL | 1 Each,,
Buderim Ginger Beer & Spiced Rum 250mL | 4 Pack,$16.00,$16.00 per 1L
Tilia Malbec 750mL | 1 Each,$16.00,$21.33 per 1L | Was $20.00
McGuigan The Borders Shiraz 750mL | 1 Each,,
McGuigan The Borders Cabernet Sauvignon 750mL | 1 Each,,
Coopers Pale Ale Can 375mL | 6 Pack,,
Cook & Dine Stemless Wine Glasses | 4 pack,$16.00,
McGuigan The Borders Pinot Noir 750mL | 1 Each,,
Chateau Garamache Provence Rose 750mL | 1 Each,,
Rey Del Mundo Organic Tempranillo 750mL | 1 Each,,
Robert Mondavi Cabernet Sauvignon 750mL | 1 Each,,
Amalfi Lager Bottle 330mL | 6 Pack,$16.00,$8.08 per 1L | Was $19.00
Cook & Dine Carafe And Tumbler Set | 1 each,$16.00,$16.00 per 1ea | Was $20.00
Robert Oatley Pocketwatch Pinot Noir 750mL | 1 Each,$16.00,$21.33 per 1L
Cook & Dine Ribbed Low Ball Glasses | 4 pack,$16.00,
Grant Burge Aged Tawny 750mL | 1 Each,,
Revino Pinot Grigio 750mL | 1 Each,$16.00,$21.33 per 1L | Was $22.00
Feudo Arancio Nero d Avola Rose 750mL | 1 Each,$16.00,| Was $20.00
Yebisu Premium Can 350mL | 4 Pack,$16.00,$11.43 per 1L | Was $20.50
Squealing Pig Lower Alc Rose 750mL | 1 Each,$16.00,$21.33 per 1L | Was $20.00
Mismatch Cloudy Apple Cider Can 375mL | 4 Pack,$16.00,$10.67 per 1L | Was $19.00
Jacob's Creek Reserve Chardonnay Pinot Noir 750mL | 1 Each,,
Cassidy Cream Liqueur 750mL | 1 Each,$16.00,$21.33 per 1L | Was $17.00
Wynns Reframed Shiraz Riesling 750mL | 1 Each,$16.00,$21.33 per 1L | Was $25.00
Wynns Reframed Cabernet Sauvignon Cabernet Franc 750mL | 1 Each,$16.00,$21.33 per 1L | Was $25.00
Banrock Station Eco-Bottle Pinot Noir 750mL | 1 Each,$16.00,$21.33 per 1L
Banrock Station Eco-Bottle Pinot Grigio 750mL | 1 Each,$16.00,$21.33 per 1L
Taylors One Small Step Eco-Bottle Chardonnay 750mL | 1 Each,$16.00,$21.33 per 1L
Taylors One Small Step Eco-Bottle Shiraz 750mL | 1 Each,$16.00,$21.33 per 1L
Winesmiths Premium Selection Sauvignon Blanc Cask 2 Litre | 1 Each,,
Cookoothama Chardonnay | 750mL,$16.00,$2.13 per 100mL
Revino Chardonnay 750mL | 1 Each,$16.00,$21.33 per 1L | Was $22.00
Oyster Bay Chardonnay 750mL | 1 Each,,
Oyster Bay Marlborough Sauvignon Blanc 750mL | 1 Each,,
Beyond Wonderland Organic Chardonnay 750mL | 1 Each,$16.00,$21.33 per 1L | Was $18.00
Tinnies Lager Can 375mL | 6 Pack,$16.00,$7.11 per 1L | Was $18.00
Jacob's Creek Lively Bunch Pinot Gris 750mL | 1 Each,$16.00,$21.33 per 1L | Was $20.00
El Sueno Mex Lager Can 375mL | 6 Pack,$16.00,$7.11 per 1L | Was $21.00
Oyster Bay Merlot 750mL | 1 Each,,
Banrock Station Eco-Bottle Cabernet Sauvignon 750mL | 1 Each,$16.00,$21.33 per 1L
Taylors One Small Step Eco-Bottle Rose 750mL | 1 Each,$16.00,$21.33 per 1L
Taylors One Small Step Eco-Bottle Sauvignon Blanc 750mL | 1 Each,$16.00,$21.33 per 1L
David Hook Shiraz 750mL | 1 Each,$16.00,$21.33 per 1L | Was $19.00
Brokenwood Brokenwood Cricket Pitch 750mL | 1 Each,,
Brokenwood Cricket Pitch Red 750mL | 1 Each,,
Robinsons Marlborough Pinot Noir 750mL | 1 each,,
Cinzano Dry Vermouth 1000mL | 1 Each,,
Cinzano Spr Rosso Sweet Vermouth 1000mL | 1 Each,,
Champteloup Rose d'Anjou 750mL | 1 Each,,
Mateus Rose 750mL | 1 Each,,
Somersby Apple Cider Bottle 330mL | 6 Pack,,
Somersby Pear Cider Bottle 330mL | 6 Pack,,
Cinzano Bianco Vermouth 1000mL | 1 Each,,
Evans & Tate Cabernet Merlot 750mL | 1 Each,,
Evans & Tate Sauvignon Blanc 750mL | 1 Each,,
Evans & Tate Chardonnay 750mL | 1 Each,,
Evans & Tate Shiraz 750mL | 1 Each,,
Sensi Prosecco DOC 18K Gold 750mL | 1 Each,,
Stoneleigh Marlborough Sauvignon Blanc 750mL | 1 Each,,
Elefante Tempranillo Shiraz 750mL | 1 Each,,
Ruffino Chianti 750mL | 1 Each,,
Louis De Camponac Pinot Noir 750mL | 1 Each,,
Louis De Camponac Cabernet Sauvignon 750mL | 1 Each,,
Mr Finch Apple Cider Bottle 330mL | 6 Pack,,
Mr Finch Pear Cider Bottle 330mL | 6 Pack,,
Samuel Wynn Cabernet Sauvignon 750mL | 1 each,,
Mr Finch Apple Lower Sugar Cider Bottle 330mL | 6 Pack,,
Balter Captain Sensible Can 375mL | 4 Pack,,
Mr Finch Cider Rose Bottle 330mL | 6 Pack,,
Vasse Felix Classic Dry Rose 750mL | 1 Each,$17.00,$22.67 per 1L | Was $20.00
De Bortoli Rutherglen Estate Shiraz 750mL | 1 Each,,
Di Nello Fiano Terre Siciliane IGT 750mL | 1 Each,$17.00,$22.67 per 1L
Nort Refreshing Ale Can 375mL | 6 pack,$17.00,$7.56 per 1L
Stone & Wood Green Coast Lager Bottle 330mL | 6 Pack,$17.00,$8.59 per 1L
Sapporo Can 500mL | 4 Pack,$17.00,$8.50 per 1L | Was $19.00
Lindemans Early Harvest Semillon Sauv Blanc 750mL | 1 Each,,
McWilliams Royal Reserve Cream Apera 1500mL | 1 Each,$17.00,$11.33 per 1L
White Bay Crusher Can 355mL | 4 Pack,$17.00,$11.97 per 1L
Tenet Estate Shiraz 750mL | 1 Each,,
Wilde Lager Can 375mL | 4 Pack,$17.00,$11.33 per 1L
St Leonards Hip Sip Tawny 375mL | 1 Each,$17.00,$45.33 per 1L
Somersby Super Crisp Apple Cider Bottle 330ml | 6 Pack,$17.00,$8.59 per 1L | Was $21.00
4 Pines Brewing Japanese Lager Can 375mL | 6 Pack,$17.00,$7.56 per 1L | Was $19.00
Spill Easy Going Lager Can 375mL | 6 Pack,$17.00,$7.56 per 1L | Was $21.00
Miller Chill Premium Bottle 330mL | 6 Pack,,
Vasse Felix Classic Dry White 750mL | 1 Each,,
Lindeman's Early Harvest Shiraz 750mL | 1 Each,,
Carlsberg Green Can 500mL | 4 Pack,,
De Bortoli Bella Riva King Valley Sangiovese 750mL | 1 Each,,
Margan Shiraz | 750mL,,
Land of Giants Marlborough Sauvignon Blanc 750mL | 1 Each,,
The Crafty Punter Clare Valley Riesling 750mL | 1 Each,,
Mercury Hard Cider Can 375mL | 6 Pack,,
Wirra Wirra McLaren Vale Vineyards Shiraz 750mL | 1 Each,,
Barossa Valley Wine Co. Gravel Track Cab Sauv 750mL | 1 Each,,
Barossa Valley Wine Co. Gravel Track Shiraz 750mL | 1 Each,,
Barossa Valley Wine Co. Gravel Track GSM 750mL | 1 Each,,
Gomersal Riesling 750mL | 1 Each,,
Jacob's Creek Le Petit Rose 750mL | 1 Each,,
Tussock Jumper Malbec 750mL | 1 Each,,
Mr Finch Apple Cider Can 375mL | 10 Pack,,
Devils Corner Riesling 750mL | 1 Each,$18.00,$24.00 per 1L | Was $20.00
Oyster Bay Rose 750mL | 1 Each,,
Tussock Jumper Pinot Grigio 750mL | 1 Each,,
Tussock Jumper Pinot Noir 750mL | 1 Each,,
Tussock Jumper Chardonnay 750mL | 1 Each,,
Tussock Jumper Tempranillo 750mL | 1 Each,,
Tinnies Pale Ale Can 375mL | 6 pack,$18.00,$8.00 per 1L | Was $25.00
James Busby Shiraz 750mL | 1 Each,,
James Busby Cabernet Sauvignon 750mL | 1 Each,,
Mismatch Session Ale Can 375mL | 6 Pack,,
Jacob's Creek 1847 Shiraz 750mL | 1 Each,,
Jacob's Creek 1847 Cabernet Sauvignon 750mL | 1 Each,,
Jacob's Creek 1847 Pinot Noir 750mL | 1 Each,,
Jacob's Creek 1847 Chardonnay 750mL | 1 Each,,
Jacob's Creek 1847 Sauvignon Blanc 750mL | 1 Each,,
Calneggia Nero D'avola Syrah 750mL | 1 Each,,
,$18.00,$24.00 per 1L | Was $25.00
Pirate Life South Coast Pale Ale Can 355mL | 4 Pack,,
Kylie Minogue Signature Rose 750mL | 1 Each,$18.00,$24.00 per 1L | Was $25.00
State of Light Hawke's Bay Pinot Gris 750mL | 1 Each,$18.00,$24.00 per 1L | Was $23.00
State of Light Marlborough Sauvignon Blanc 750mL | 1 Each,$18.00,$24.00 per 1L | Was $23.00
James Busby Barossa Valley Grenache 750mL | 1 Each,$18.00,$24.00 per 1L | Was $25.00
James Busby Yarra Valley Pinot Noir 750mL | 1 Each,$18.00,$24.00 per 1L | Was $25.00
Tinnies Hazy Pale Can 375mL | 6 Pack,$18.00,$8.00 per 1L | Was $25.00
Tinnies XPA Can 375mL | 6 Pack,$18.00,$8.00 per 1L | Was $25.00
Tinnies Pacific Ale Can 375mL | 6 Pack,$18.00,$8.00 per 1L | Was $25.00
Tinnies IPA Can 375mL | 4 Pack,$18.00,$12.00 per 1L | Was $25.00
Jacob's Creek 1847 Sparkling Rose 750mL | 1 Each,$18.00,$24.00 per 1L
Coopers Mild Ale Bottle 375mL | 6 Pack,,
Balter Eazy Hazy Can 375mL | 4 Pack,$18.00,$12.00 per 1L
Cedar Creek Apple Cider Can 375mL | 4 Pack,$18.00,$12.00 per 1L
Jacob's Creek 1847 Tempranillo 750mL | 1 Each,$18.00,$24.00 per 1L
Atkins Farm Petite Sauvignon Blanc 750mL | 1 Each,$18.00,$24.00 per 1L
Tussock Jumper Grenache 750mL | 1 Each,$18.00,$24.00 per 1L
Tussock Jumper Sangiovese 750mL | 1 Each,$18.00,$24.00 per 1L
Hat's Off Chardonnay 750mL | 1 Each,$18.00,$24.00 per 1L | Was $22.00
State of Light Hawke's Bay Rose 750mL | 1 Each,$18.00,$24.00 per 1L | Was $23.00
Brown & Co Brown Brothers A Little Sweet Rose 750mL | 1 Each,$18.00,$24.00 per 1L
Grant Burge Prosecco Rose 750mL | 1 Each,$18.00,$24.00 per 1L | Was $25.00
Nort Refreshing Ale Bottle 330mL | 6 Pack,$18.00,
Wild Oats Rose 750mL | 1 Each,$18.00,$24.00 per 1L
Tussock Jumper Sauvignon Blanc 750mL | 1 Each,$18.00,$24.00 per 1L
Brew Dog Lost Lager Can 375mL | 4 Pack,$18.00,
DOS EQUIS DOS EQUIS XX SPECIAL LAGE,,
Mismatch Galaxy Hopped Cider Can 375mL | 4 Pack,$18.00,$12.00 per 1L | Was $19.00
Tinnies Stout Can 375mL | 4 Pack,$18.00,$12.00 per 1L | Was $24.00
Rolling Chardonnay | 750mL,$18.00,$18.00 per 1ea
Moon Dog Tinnies Ale 1 Can 330mL | 4 Pack,$18.00,$13.64 per 1L | Was $19.00
James Busby Yarra Valley Chardonnay 750mL | 1 Each,$18.00,$24.00 per 1L | Was $25.00
James Busby King Valley Pinot Grigio 750mL | 1 Each,$18.00,$24.00 per 1L | Was $25.00
James Busby Margaret River Rose 750mL | 1 Each,$18.00,$24.00 per 1L | Was $25.00
Brown & Co Prosecco 750mL | 1 Each,$18.00,$24.00 per 1L
Gweilo Ginger Beer Can 375mL | 4 Pack,$18.00,$12.00 per 1L | Was $24.00
Kingfisher Bottle 330mL | 6 Pack,,
Malibu & Cola Can 250mL | 4 Pack,$18.00,$18.00 per 1L
Houghton Margaret River Sauvignon Blanc 750mL | 1 Each,,
Sapporo Bottles 355mL | 6 Pack,,
Rosemount Diamond Label Cabernet Sauvignon 750mL | 1 Each,,
Great Northern Super Crisp Lager Bottle 700mL | 3 pack,,
Hahn Premium Light Bottle 375mL | 6 Pack,,
Rolling Shiraz 750mL | 1 Each,,
McWilliams Royal Reserve Cream Apera Flagon 2 Litre | 1 Each,,
Brown Brothers Australian Tawny 750mL | 1 Each,,
Tyrrell's Hunter Valley Chardonnay 750mL | 1 Each,$19.00,$25.33 per 1L | Was $22.00
Tyrrell's Hunter Valley Semillon 750mL | 1 Each,,
St Huberts The Stag Pinot Noir 750mL | 1 Each,,
Byron Bay Lager Bottle 355mL | 6 Pack,,
De Bortoli Cartolina Prosecco 750mL | 1 Each,,
Hardys Brave New World Malbec Shiraz Merlot 750mL | 1 Each,$19.00,$25.33 per 1L
Strongbow Lower Carb Bottle 330mL | 6 Pack,$19.00,$9.60 per 1L
Strongbow Cider Original Bottle 330mL | 6 Pack,$19.00,$9.60 per 1L
Little Creatures Squeaky Clean IPA Can 375mL | 4 Pack,$19.00,$12.67 per 1L
Kosciuszko Pale Ale Can 375mL | 4 Pack,$19.00,$12.67 per 1L
Orion 75 Pilsner Can 350mL | 6 Pack,$19.00,$9.05 per 1L | Was $25.00
El Sueno Mex Lager w- Tequila Can 375mL | 6 Pack,$19.00,$8.44 per 1L | Was $23.00
XXXX Gold Rack Pk Bottle 750mL | 3 Pack,,
Summer Bright Lager Bottle 330mL | 6 Pack,,
Wolf Blass Yellow Label Shiraz 750mL | 1 each,,
Wolf Blass Yellow Label Chardonnay 750mL | 1 Each,,
Mount Pleasant Estate Semillon 750mL | 1 Each,,
XXXX Gold Bottle 375mL | 6 Pack,,
Carlton Dry Bottle 700mL | 3 pack,,
Great Northern Original Lager Bottle 700mL | 3 Pack,,
XXXX Gold Cans 375mL | 6 Pack,,
Furphy Crisp Lager Bottle 375mL | 6 Pack,$19.50,$8.67 per 1L
Vodka Cruiser Wild Raspberry 275mL | 4 Pack,,
Vodka Cruiser Lush Guava 275mL | 4 Pack,,
Vodka Cruiser Pure Pineapple 275mL | 4 pack,,
Vodka Cruiser Sugar Free Berry 275mL | 4 Pack,,
Peter Lehmann Portrait Shiraz 750mL | 1 Each,,
Devils Corner Chardonnay Pinot Noir NV 750mL | 1 Each,,
Cave de Lugny Rose Cremant de Bourgogne NV 750mL | 1 Each,,
Wirra Wirra Church Block Red Blend 750mL | 1 Each,,
Cockfighters Ghost Shiraz 750mL | 1 Each,,
Sensi Pinot Noir Rose 18K Sparkling 750mL | 1 Each,,
Carlton Dry Can 375mL | 6 pack,,
Tooheys New Bottle 375mL | 6 Pack,,
Brown Brothers Prosecco Rose 750mL | 1 Each,,
Australian Bitters 250mL | 1 Each,,
Australian Bitters Orange Bitters 125mL | 1 Each,,
Pure Blonde Crisp Apple Cider Bottle 355mL | 6 Pack,,
Croser Rose NV 750mL | 1 Each,$20.00,$26.67 per 1L | Was $26.00
Audrey Wilkinson Rose 750mL | 1 Each,$20.00,$26.67 per 1L | Was $23.00
Balter XPA Can 375mL | 4 Pack,,
Paxis Red Blend 750mL | 1 Each,,
McWilliams Estate 480 Shiraz 750mL | 1 Each,,
Winton Road Barossa Valley Shiraz 750mL | 1 Each,,
Land of Giants Pinot Noir 750mL | 1 Each,,
Stella Artois Bottle 330mL | 6 Pack,,
Peter Lehmann Portrait Rose 750mL | 1 Each,$20.00,$26.67 per 1L
Winton Road Barossa Cabernet Sauvignon 750mL | 1 Each,,
BentSpoke Crankshaft IPA Can 375mL | 4 Pack,,
BentSpoke Barley Griffin Pale Ale Can 375mL | 4 Pack,,
Hahn Super Dry Bottle 700mL | 3 Pack,,
Mountain Goat Goat Lager Can 375mL | 6 Pack,,
I am George Cabernet Sauvignon 750mL | 1 Each,,
4 Pines Brewing Pacific Ale Bottle 330mL | 6 Pack,,
Abbey Vale Chardonnay 750mL | 1 Each,,
Abbey Vale Shiraz 750mL | 1 Each,,
Charles De Cazanove Brut Tradition 375mL | 1 Each,,
Wolf Blass Makers Project Pink Pinot Grigio 750mL | 1 Each,,
Grant Burge Pinot Noir Chardonnay Rose NV 750mL | 1 Each,,
Abbey Vale Rose 750mL | 1 Each,,
Robert Mondavi Bourbon Barrels Chardonnay 750mL | 1 Each,,
Mercury Hard Cider Crushed Raspberry Can 375mL | 6 Pack,,
Vodka Cruiser Sour Grape 275mL | 4 Pack,$20.00,$18.18 per 1L
Good Tides Hard Seltzer Raspberry Vodka 330mL | 4 Pack,,
Actual Vodka Seltzer & Lime Cans 300mL | 4 Pack,$20.00,$16.67 per 1L | Was $22.00
Pepperjack Sangiovese 750mL | 1 Each,,
Pepperjack Malbec 750mL | 1 Each,,
Grant Burge 5th Generation Merlot 750mL | 1 Each,,
El Payador Malbec 750mL | 1 Each,,
De Bortoli Woodfired Cabernet Sauvignon 750mL | 1 Each,,
De Bortoli Woodfired Shiraz 750mL | 1 Each,,
The Group The Fever McLaren Vale Grower Blend 750mL | 1 Each,,
Robert Mondavi Bourbon Barrels Cabernet 750mL | 1 Each,,
Robert Mondavi Rum Barrels Merlot 750mL | 1 Each,,
The Group The Murder McLaren Vale Shiraz 750mL | 1 Each,,
The Group The Shadow Adelaide Hills Pinot Noir 750mL | 1 Each,,
The Group The Quiver McLaren Vale Grenache 750mL | 1 Each,,
Mercury Crushed Passionfruit Cidar Cans 375mL | 6 pack,,
GOLDEN MILE Rose 750mL | 1 Each,$20.00,$26.67 per 1L
Punt Road Of Light & Shadow Rose 750mL | 1 Each,$20.00,$26.67 per 1L | Was $24.00
Pepperjack Chardonnay 750mL | 1 Each,$20.00,$26.67 per 1L | Was $25.00
Monkey Place Creek Shiraz 750mL | 1 Each,$20.00,$26.67 per 1L
El Sueno Margarita Can 250mL | 4 Pack,$20.00,$20.00 per 1L
Winton Road Barossa Valley Grenache 750mL | 1 Each,$20.00,$26.67 per 1L | Was $40.00
Beyond the Wilderness Pinot Rose 750mL | 1 Each,$20.00,$26.67 per 1L | Was $25.00
Beyond the Wilderness Pinot Noir 750mL | 1 Each,$20.00,$26.67 per 1L | Was $25.00
Beyond the Wilderness Chardonnay 750mL | 1 Each,$20.00,$26.67 per 1L | Was $25.00
Maretti Soave 750mL | 1 Each,$20.00,$26.67 per 1L | Was $27.00
Pure Blonde Bottle 355mL | 6 Pack,,
Tomich Sparkling Blanc de Noir 750mL | 1 Each,$20.00,$26.67 per 1L
SOMMA Watermelon & Lime Alcoholic Seltzer Can 250mL | 4 Pack,$20.00,$20.00 per 1L
Labyrinth Pinot Noir 750mL | 1 Each,$20.00,$26.67 per 1L
Redbank Sunday Morning King Valley Pinot Noir 750mL | 1 Each,$20.00,$26.67 per 1L | Was $25.00
Seppelt Jealous Rivals Shiraz 750mL | 1 Each,$20.00,$26.67 per 1L
Grifter Pale Ale Can 375mL | 4 Pack,$20.00,$13.33 per 1L
Seppelt Jealous Rivals Chardonnay 750mL | 1 Each,$20.00,$26.67 per 1L
Beyond The Wilderness NV Brut Cuvee 750mL | 1 Each,$20.00,$26.67 per 1L | Was $25.00
Beyond The Wilderness NV Brut Cuvee Rose 750mL | 1 Each,$20.00,$26.67 per 1L | Was $25.00
Le Macine Pinot Grigio 750mL | 1 Each,$20.00,$26.67 per 1L | Was $25.00
Winton Road Eden Valley Riesling 750mL | 1 Each,$20.00,$26.67 per 1L | Was $40.00
T'Gallant Sparkling Pink Prosecco 750mL | 1 Each,$20.00,$26.67 per 1L
Actual Seltzer Mango Can 300mL | 4 Pack,$20.00,$16.67 per 1L | Was $22.00
Malt Shoval XPA Can 375mL | 4 Pack,$20.00,$13.33 per 1L
Carlton Dry Bottle 330mL | 6 Pack,,
Pepperjack Sauvignon Blanc 750mL | 1 Each,$20.00,$26.67 per 1L | Was $25.00
Aperol Spritz Bottle 175mL | 4 Pack,$20.00,$28.57 per 1L | Was $24.00
Headline Acts Shiraz 750mL | 1 Each,$20.00,$26.67 per 1L
Headline Acts Sauvignon Blanc 750mL | 1 Each,$20.00,$26.67 per 1L
Headline Acts Rose 750mL | 1 Each,$20.00,$26.67 per 1L
Headline Acts Sparkling Rose 750mL | 1 Each,$20.00,$26.67 per 1L
Grant Burge Pinot Noir Chardonnay NV 750mL | 1 Each,,
White Bay Union Lager Can 355mL | 4 Pack,$20.00,$14.08 per 1L
Pepperjack Barossa Shiraz 750mL | 1 Each,,
Pepperjack Cabernet Sauvignon 750mL | 1 Each,,
Teal Lake Shiraz 750mL | 1 Each,,
Teal Lake Cabernet 750mL | 1 Each,,
Vodka Cruiser Sugar Free Strawberry Watermelon Bottle 275mL | 4 Pack,$20.00,$18.18 per 1L
Maretti Langhe Nebbiolo 750mL | 1 Each,$20.00,$26.67 per 1L | Was $26.00
Jacob's Creek Lively Bunch Pinot Noir 750mL | 1 Each,$20.00,$26.67 per 1L | Was $25.00
Resch's Dinner Ale Can 375mL | 6 Pack,$20.00,
Winton Road Eden Valley Chardonnay 750mL | 1 Each,$20.00,$26.67 per 1L | Was $40.00
Morris Classic Ruby 500mL | 1 Each,$20.00,$40.00 per 1L | Was $22.00
Rocks Brewing Mid Strength Pale Ale Can 375mL | 6 Pack,$20.00,$8.89 per 1L
Innocent Bystander Pinot Noir 750mL | 1 Each,,
Cockfighters Ghost Cabernet Sauvignon 750mL | 1 Each,,
Devils Corner Pinot Noir 750mL | 1 Each,,
Mercury Hard Cider Blackcurrant Can 375mL | 6 Pack,$20.00,$8.89 per 1L | Was $21.00
Beyond the Wilderness Sauvignon Blanc 750mL | 1 Each,$20.00,$26.67 per 1L | Was $25.00
Squealing Pig Lower Alc Pinot Grigio 750mL | 1 Each,$20.00,$26.67 per 1L
Winton Road Barossa Valley Rose 750mL | 1 Each,$20.00,$26.67 per 1L | Was $40.00
Taylors Jaraman Chardonnay 750mL | 1 Each,,
Maison Blanc de Blanc 750mL | 1 Each,$20.00,$26.67 per 1L
Maison Prosecco 750mL | 1 Each,$20.00,$26.67 per 1L
Grape and Vine Sauvignon Blanc 750mL | 1 Each,$20.00,$26.67 per 1L
Grape and Vine Chardonnay 750mL | 1 Each,$20.00,$26.67 per 1L
Grape and Vine Rose 750mL | 1 Each,$20.00,$26.67 per 1L
Brookvale Union Vodka Lemon Squash Can 330mL | 4 Pack,$20.00,$15.15 per 1L | Was $24.00
Yves Premium Sparkling Cuvee 750mL | 1 Each,$20.00,$26.67 per 1L | Was $25.00
Peroni Nastro Azzurro 5% Bottle 330mL | 6 Pack,$20.00,$10.10 per 1L
Tsingtao Bottle 330mL | 6 Pack,,
Young Henrys Hazy Pale Can 375mL | 4 Pack,$20.00,$13.33 per 1L
Cave de Lugny Cremant Blanc de Blancs NV 750mL | 1 Each,,
Baileys Irish Cream 200mL | 1 Each,,
Canadian Club Dry 4.8% Bottle 330mL | 4 Pack,,
Tooheys New Rack Pack Bottle 750mL | 3 Pack,,
Devils Corner Pinot Grigio 750mL | 1 Each,,
Kedem Red Concord 750mL | 1 Each,,
Pure Blonde Can 375mL | 6 Pack,,
Kedem Cream Malaga 750mL | 1 Each,,
Audrey Wilkinson Shiraz 750mL | 1 Each,,
Audrey Wilkinson Stickman Verdelho | 750mL,,
Croser NV 750mL | 1 Each,,
Victoria Bitter Rack Pack Bottle 750mL | 3 Pack,,
Oyster Bay Sparkling Cuvee Brut 750mL | 1 Each,,
Barkan Classic Sauvignon Blanc 750mL | 1 Each,,
Brown Brothers Prosecco NV 750mL | 1 Each,,
Audrey Wilkinson Stickman Semillon | 750mL,,
Audrey Wilkinson Merlot 750mL | 1 Each,,
Audrey Wilkinson Stickman Semillon Sauvignon Blanc | 750mL,,
Audrey Wilkinson Chardonnay 750mL | 1 Each,,
Great Northern Original Lager Bottle 330mL | 6 Pack,,
Vodka Cruiser Mudshake Chocolate Bottle 270mL | 4 Pack,,
Five Stones Autumn Harvest White 750mL | 1 Each,$20.00,$26.67 per 1L
Five Stones Shiraz 750mL | 1 Each,,
Katnook Squires Blend Cab Merlot 750mL | 1 Each,,
Grant Burge 5Th Gen Barossa Cabernet Merlot 750mL | 1 Each,,
Grant Burge 5th Generation Barossa Shiraz 750mL | 1 Each,,
Houghton Marg River Cab Sauvignon 750mL | 1 each,,
Furphy Refreshing Ale Bottle 375mL | 6 Pack,,
Furphy Refreshing Ale Can 375mL | 6 Pack,,
James Boags Premium Bottle 375mL | 6 Pack,,
Carlton Draught Rack Pack Bottle 750mL | 3 Pack,,
Tooheys Extra Dry Bottle 345mL | 6 Pack,,
Southern Comfort & Cola Cans 375mL | 4 Pack,,
Budweiser Bottle 330mL | 6 Pack,,
Wild Yak Pacific Ale Bottle 345mL | 6 Pack,,
Victoria Bitter Bottle 375mL | 6 Pack,,
Akasha Freshwater Pale Ale Can 375mL | 4 Pack,,
Plantagenet Lion Circle Cabernet Merlot 750mL | 1 Each,,
Hahn Ultra Crisp Bottle 330mL | 6 Pack,,
Wayward Raspberry Berliner Weisse Can 375mL | 4 Pack,,
Mountain Goat Hazy Pale Ale Can 375mL | 6 Pack,,
Taylor Made American Oak Malbec 750mL | 1 Each,,
Taylor Made French Oak Shiraz 750mL | 1 Each,,
Taylor Made Wild Ferment Pinot Noir 750mL | 750mL,$21.00,$28.00 per 1L | Was $28.00
﻿Golden Mile Sauvignon Blanc 750mL | 1 Each,$21.00,$28.00 per 1L
Willie the Boatman Lil Louie XPA Can 375mL | 4 Pack,,
Willie The Boatman Crazy Ivan Can 375mL | 4 Pack,,
Moon Dog Fizzer Tropical Crush 330mL | 6 Pack,$21.00,$10.61 per 1L
Belena Pinot Grigio 750mL | 1 Each,$21.00,$28.00 per 1L
Belena Moscato 750mL | 1 Each,$21.00,$28.00 per 1L
Taylor Made Prosecco 750mL | 1 Each,$21.00,$28.00 per 1L | Was $28.00
Grifter Serpents Kiss Can 375mL | 4 Pack,$21.00,$14.00 per 1L
Little Creatures Pacific Ale Can 375mL | 4 Pack,$21.00,$14.00 per 1L
Grant Burge Miamba Shiraz 750mL | 1 Each,,
Mountain Culture Status Quo Pale Ale Can 355mL | 4 Pack,$21.00,$14.79 per 1L
Belena Rose 750mL | 1 Each,$21.00,$28.00 per 1L
White Bay Sunny Pale Can 355mL | 4 Pack,$21.00,$14.79 per 1L
Belena Sangiovese 750mL | 1 Each,$21.00,$28.00 per 1L
Hahn Super Dry Bottle 330mL | 6 Pack,,
Orion The Draft Can 350mL | 6 Pack,$21.00,$10.00 per 1L | Was $23.00
Strongbow Ultra Apple Can 330ml | 4 Pack,$21.00,$15.91 per 1L
Mountain Goat Hazy Summer Ale Can 375mL | 6 Pack,$21.00,
Dal Zotto Pucino Prosecco | 750mL,$21.00,$2.80 per 100mL
Fat Yak Pale Ale Bottle 345mL | 6 Pack,,
Five Stones Cabernet Merlot 750mL | 1 Each,,
Ingoldby McLaren Vale Shiraz 750mL | 1 each,,
Tempus Two Pewter Botrytis Semillon 250mL | 1 Each,,
Tooheys Old Dark Ale Bottle 375mL | 6 Pack,,
Chalkboard Central Otago Pinot Noir 750mL | 1 Each,,
De Bortoli Premium Shiraz Cabernet Cask 4Litre | 1 Each,,
De Bortoli Premium Verdelho Cask 4Litre | 1 Each,,
Rapaura Springs Reserve Pinot Noir 750mL | 1 Each,,
Carmel Sacramental 750mL | 1 Each,,
Mountain Goat Summer Ale Can 375mL | 6 Pack,,
De Bortoli Premium Colombard Chardonnay Cask 4 Litre | 1 Each,,
De Bortoli Premium Sem Sauv Blanc Cask 4 Litre | 1 Each,,
Innocent Bystander Moscato 750mL | 1 Each,,
Jim Barry Watervale Riesling 750ml | 1 Each,,
Vinaceous Divine Light Sauvignon Blanc 750mL | 1 Each,$22.00,$29.33 per 1L
Campo Viejo Tempranillo 750mL | 1 Each,,
De Bortoli Premium Shiraz 'Pressings' Cask 4 Litre | 1 Each,,
Two Towns Barossa Shiraz 750mL | 1 Each,,
Two Towns Adelaide Hills Pinot Gris 750mL | 1 Each,,
Kim Crawford Chardonnay 750mL | 1 Each,,
Licor 43 Imported Liqueur 200mL | 200mL,,
SYDNEY BEER CO SYDNEY BEER CO LAGER 330M,,
La Poda Tempranillo 750mL | 1 Each,,
Just Drinks Pink Gin Soda 330mL | 4 pack,,
Just Drinks Vodka Soda 330mL | 4 pack,,
La Noblesse Loire Valley Pinot Noir 750mL | 1 Each,,
Michelini Merlot 750mL | 1 Each,,
Young Henry's Newtowner Pale Ale Bottle 330mL | 6 Pack,$22.00,$11.11 per 1L | Was $26.00
Cruiser Vodka  Black Guava Bottle 275mL | 4 Pack,$22.00,| Was $27.00
Just Vodka Tropical Can 330mL | 4 Pack,$22.00,$16.67 per 1L
Just Vodka Watermelon Can 330mL | 4 Pack,$22.00,$16.67 per 1L
Just Margarita Can 330mL | 4 Pack,$22.00,$16.67 per 1L
Kim Crawford Hawkes Bay Rose 750mL | 1 Each,,
Argento Esquinas Malbec 750mL | 1 Each,$22.00,$29.33 per 1L | Was $27.00
Carmel Concord 750mL | 1 Each,,
Kim Crawford Marlborough Pinot Gris 750mL | 1 Each,,
Master Mary Pineapple & Ginger Rum and Soda Can 375mL | 4 Pack,$22.00,$14.67 per 1L
Master Mary Spiced Rum and Cola Can 375mL | 4 Pack,$22.00,$14.67 per 1L
De Bortoli Premium Cabernet Merlot Cask 4 Litre | 1 Each,,
Brew Dog Hazy Jane Can 375mL | 4 Pack,$22.00,$14.67 per 1L
Robert Stein Farm Series Riesling 750mL | 1 Each,$22.00,$29.33 per 1L | Was $25.00
Ruski Lemon Bottle 275mL | 4 Pack,,
Midori Illusion Bottle 275mL | 4 Pack,,
Villa Maria Private Bin Sauvignon Blanc 750mL | 1 Each,,
Two Towns Adelaide Hills Sauvignon Blanc 750mL | 1 Each,$22.00,$29.33 per 1L
Jacob's Creek Better By Half Grenache 750mL | 1 Each,$22.00,$29.33 per 1L
Kings of Prohibition Tawny 750mL | 1 Each,$22.00,$29.33 per 1L
Rocks Brewing West Coast IPA Can 375mL | 4 Pack,$22.00,$14.67 per 1L
Great Northern Super Crisp Lager Can 375mL | 8 Pack,$22.00,$7.33 per 1L
Pure Blonde Can 375mL | 8 Pack,$22.00,$7.33 per 1L
XXXX Gold Can 375mL | 8 Pack,$22.00,$7.33 per 1L
Just Watermelon Margi Can 330mL | 4 Pack,$22.00,$16.67 per 1L
Drink West Lager Can 375mL | 6 Pack,$22.00,$9.78 per 1L
Kim Crawford Marlborough Sauvignon Blanc 750mL | 1 Each,,
Moretti Italian 330mL Bottle | 6 pack,$22.00,$1.11 per 100mL
Glorioso Crianza | 750mL,,
Woodstock Bourbon & Cola 10% Can 200mL | 4 Pack,,
Barkan Classic Cabernet Sauvignon 750mL | 1 Each,,
Kedem 144 Blanc 750mL | 1 Each,,
Carlton Draught Bottle 375mL | 6 Pack,,
De Bortoli Premium Pinot Grigio Cask 4L | 1 Each,,
Woodstock Bourbon & Cola 6% 375mL | 4 Pack,,
McWilliams Hanwood Classic Tawny 750mL | 1 Each,,
McWilliams Hanwood Classic Muscat 750mL | 1 Each,,
5 Seeds Cloudy Apple Cider Bottle 345mL | 6 pack,,
Grant Burge Premium Cuvee 750mL | 1 each,,
Heineken Bottle 330mL | 6 Pack,,
Kirin Ichiban Bottle 330mL | 6 Pack,$22.50,
Petaluma White Label Sauvignon Blanc 750ml | 1 Each,,
Petaluma White Label Chardonnay 750mL | 1 Each,,
Volsk Vodka 375mL | 1 Each,,
Jim Beam White Bourbon 200mL | 1 Each,,
Strongbow Original Can 375mL | 10 Pack,,
Young Henrys Newtowner Can 375mL | 6 Pack,,
Howard Park Terroir' Margaret River Chardonnay 750mL | 1 Each,,
Colonial Pale Ale Can 375mL | 6 Pack,,
Young Henrys Motor Cycle Oil Hoppy Porter Can 375mL | 4 Pack,$23.00,$15.33 per 1L
McWilliams Alternis Nero D'Avola 750mL | 1 Each,,
Campo Viejo Garnacha 750mL | 1 Each,,
Colonial Bertie Cold Pressed Apple Cider Can 375mL | 6 pack,,
Round Theory Marlborough Sauvignon Blanc 750mL | 1 Each,$23.00,$30.67 per 1L
Round Theory Marlborough Pinot Gris 750mL | 1 Each,$23.00,$30.67 per 1L
Fellr Watermelon Brewed Alcoholic Seltzer Can 330mL | 4 Pack,$23.00,$17.42 per 1L
Cruiser Spritz Summer Berry Can 275mL | 4 Pack,$23.00,$20.91 per 1L
-196 Double Lemon & Vodka Can 330ml | 4 Pack,$23.00,$17.42 per 1L
Bimbadgen Sparkling Rose 750mL | 1 Each,$23.00,$30.67 per 1L
Bimbadgen Sparkling Moscato 750mL | 1 Each,$23.00,$30.67 per 1L
Fellr Passionfruit Brewed Alcoholic Seltzer Can 330mL | 4 Pack,$23.00,$17.42 per 1L
Yulli's Amanda Mandarin IPA Can 375mL | 4 Pack,$23.00,$15.33 per 1L
Rocks Brewing Pilsner Lager Can 375mL | 6 Pack,$23.00,$10.22 per 1L
Hitachino Yuzu Lager Can 350mL | 4 Pack,$23.00,$16.43 per 1L | Was $26.00
Niigata Beer Can 330mL | 4 Pack,$23.00,$17.42 per 1L | Was $26.00
Jack Daniels Apple & Soda Can 330mL | 4 Pack,$23.00,$17.42 per 1L
Tooheys Extra Dry Can 375mL | 8 Pack,$23.00,$7.67 per 1L
Yulli's Dolly Aldrin Berliner Weisse Can 375mL | 4 Pack,$23.00,$15.33 per 1L
Vodka Cruiser Strawberry Soda Spritz Can 275mL | 4 Pack,$23.00,$20.91 per 1L
-196 Double Grape 6% Can 330mL | 4 Pack,$23.00,$17.42 per 1L
Bird In Hand Sauvignon Blanc 750mL | 1 Each,,
Crown Lager Lager Bottle 375mL | 6 pack,,
Saint Cosme Cotes du Rhone 750mL | 1 Each,,
4 Pines Brewing Pale Ale Bottle 330mL | 6 Pack,,
Wente Morning Fog Chardonnay 750mL | 1 Each,,
Bird In Hand Pinot Rose 750mL | 1 Each,,
James Squire Shackles Bottle 330mL | 6 Pack,,
James Squire 150 Lashes Pale Ale Bottle 330mL | 6 Pack,,
Woodstock Bourbon & Cola Can 12% 200mL | 4 Pack,,
Young Henrys Cloudy Cider Can 375mL | 6 Pack,$24.00,$10.67 per 1L
Fireball Cinnamon Flavoured Whisky 200mL | 1 Each,,
Bosio Barbera D'asti DOCG 750mL | 1 Each,$24.00,$32.00 per 1L
Roaring Beach Pinot Noir 750mL | 1 Each,,
Smirnoff Seltzer Lime Can 250mL | 4 Pack,,
Easy Rider Bourbon & Cola Cans 375mL | 6 Pack,,
Smirnoff Seltzer Summer Flavour Can 250mL | 4 Pack,$24.00,$24.00 per 1L
Victoria Bitter Can 375mL | 8 Pack,$24.00,$8.00 per 1L
Carlton Dry Can 375mL | 8 Pack,$24.00,$8.00 per 1L
Great Northern Original Can 375mL | 8 Pack,$24.00,$8.00 per 1L
Pirate Life Hazy IPA Can 355mL | 4 Pack,$24.00,$16.90 per 1L
Collector Shoreline Rose 750mL | 1 Each,$24.00,$32.00 per 1L | Was $28.00
Wayward Hazy Mid Can 375mL | 6 Pack,$24.00,$10.67 per 1L
4 Pines Brewing Hazy Pale Ale Can 375mL | 4 Pack,$24.00,$16.00 per 1L
Smirnoff Seltzer Natural Orange Can 250mL | 4 Pack,$24.00,$24.00 per 1L
Leogate Estate Arrowfield Central Ranges Shiraz 750mL | 1 Each,$24.00,$32.00 per 1L
Leogate Estate Arrowfield Central Ranges Merlot 750mL | 1 Each,$24.00,$32.00 per 1L
Rekorderlig Watermelon-Citrus Cider Bottle 330mL | 4 Pack,$24.00,$18.18 per 1L
COEDO Ruri Can 350mL | 4 Pack,$24.00,$17.14 per 1L | Was $26.00
Hahn Super Dry Can 375mL | 8 Pack,$24.00,$8.00 per 1L
Gordons Tropical Passionfruit Bottle 330mL | 4 Pack,$24.00,$18.18 per 1L
The Ned Pinot Noir 750mL | 1 Each,,
Johnnie Walker Red Scotch Whisky Flask 200mL | 1 Each,,
Corona Bottle 355mL | 6 Pack,,
Absolut Vodka 200mL | 1 Each,,
Wild Turkey & Cola Can 375mL | 4 Pack,,
Young Henrys Natural Lager Can 375mL | 6 pack,,
Kirin Megumi Can 500mL | 6 Pack,$24.50,$8.17 per 1L
Coopers Sparkling Ale Bottle 375mL | 6 Pack,,
Angostura Bitters 200mL | 1 Each,,
Jacob's Creek Double Barrel Shiraz 750mL | 1 Each,,
Jacob's Creek Double Barrel Shiraz Cabernet 750mL | 1 Each,,
Jack Daniels & No Sugar Cola Can 375mL | 4 Pack,,
Southern Comfort Scola Cans 375mL | 6 pack,,
Jim Barry 'Barry & Sons' Riesling 750mL | 1 Each,,
Jim Barry Barry & Sons' Shiraz 750mL | 1 Each,,
Jim Barry 'Barry & Sons' Cabernet Sauvignon 750mL | 1 Each,,
Penfolds Max's Cabernet Sauvignon 750mL | 1 Each,,
Jim Barry 'Barry & Sons' Rose 750mL | 1 Each,,
Canadian Club Premium and Dry Can 375mL | 4 Pack,$25.00,$16.67 per 1L
Penfolds Max'S Shiraz 750mL | 1 Each,,
Ch Latour Camblanes Bordeaux 750mL | 1 Each,$25.00,$33.33 per 1L
Brookvale Union Ginger Beer Can 330mL | 6 Pack,,
23rd Street Signature Gin 200mL | 1 Each,,
Calneggia DOCG Asolo Prosecco 750mL | 1 Each,$25.00,$33.33 per 1L | Was $28.00
Jim Beam Black Double Serve 6.9% Can 375mL | 4 Pack,,
Mr Riggs The Bolter Shiraz 750mL | 1 Each,,
Roseline Rose Prestige 750mL | 1 Each,,
Young Henrys Stayer Mid Can 375mL | 6 Pack,$25.00,$11.11 per 1L
23rd Street Australian Vodka 40% 200mL | 1 Each,,
Smirnoff Ice Double Black 9% Can 250mL | 4 Pack,,
Coopers XPA Can 375mL | 6 Pack,,
Summerhouse Marlborough Pinot Gris 750mL | 1 Each,$25.00,$33.33 per 1L
Summerhouse Marlborough Pinot Noir 750mL | 1 Each,,
Summerhouse Marlborough Pinot Rose 750mL | 1 Each,,
Camshorn Pinot Noir 750mL | 1 Each,,
Uberbrau Ultra Low Alcohol Lager 330mL | 24 Pack,,
Canard Duchene Brut NV Champagne 375mL | 1 Each,,
Manly Spirits Pink Gin & Tonic Bottle 275mL | 4 Pack,,
White Bay Sunny Pale Can 355mL | 6 Pack,$25.00,$11.74 per 1L
Heineken Can 500mL | 6 Pack,$25.00,$8.33 per 1L
Fickle Mistress Marlborough Pinot Noir 750mL | 1 Each,,
Gilbert Rose 750mL | 1 Each,$25.00,
Fowles Are You Game Arneis 750mL | 1 Each,$25.00,$33.33 per 1L
White Claw Hard Seltzer Natural Lime 330mL | 4 Pack,,
White Claw Hard Seltzer Mango 330mL | 4 Pack,,
Chandon NV Sparkling Brut 750mL | 1 Each,,
Born Rose Organic 750mL | 1 Each,$25.00,$33.33 per 1L | Was $30.00
Archie Rose Gin Blackberry Spritz Can 200mL | 4 Pack,$25.00,$31.25 per 1L
Calneggia DOC Prosecco Rose 750mL | 1 Each,$25.00,$33.33 per 1L | Was $28.00
Sauce Caribbean Fog Hazy Pale Ale Can 375mL | 4 Pack,$25.00,$16.67 per 1L
Charles de Cazanove Tradition Brut Rose NV 375mL | 1 Each,$25.00,$66.67 per 1L | Was $30.00
Bacardi Mojito Can 250mL | 4 Pack,$25.00,$25.00 per 1L
Coldstream Hills The Hills Sparkling Rose 750mL | 1 Each,$25.00,$33.33 per 1L
Chandon Garden Spritz 750mL | 1 Each,$25.00,$33.33 per 1L | Was $32.00
White Claw Hard Seltzer Watermelon 330mL | 4 Pack,$25.00,$18.94 per 1L
Continental Liqueurs Blue Curacao 500mL | 1 Each,$25.00,$50.00 per 1L | Was $26.00
Continental Liqueurs Strawberry | 500mL,$25.00,$5.00 per 100mL | Was $26.00
Philter Hazy Pale Can 375mL | 4 Pack,$25.00,$16.67 per 1L
Manly Spirits Manly Berry Blush Hibiscus Flower Gin & Tonic Bottle 275mL | 4 Pack,$25.00,$22.73 per 1L
Lord Nelson Smooth Sailing Can 375mL | 6 Pack,$25.00,$11.11 per 1L
Coopers Extra Stout Bottle 375mL | 6 pack,,
Mismatch Rotational Hazy IPA Can 375mL | 4 Pack,$25.00,$16.67 per 1L
Devilish Pinot Noir 750mL | 1 Each,$25.00,$33.33 per 1L | Was $30.00
Swanning Around Grenache 750mL | 1 Each,$25.00,$33.33 per 1L
Swanning Around Pinot Noir 750mL | 1 Each,$25.00,$33.33 per 1L
Truly Watermelon & Kiwi Seltzer Can 330ml | 4 Pack,$25.00,$18.94 per 1L
Ned Australian Whisky & Cola Can 375mL | 4 Pack,$25.00,$16.67 per 1L
Swanning Around Pinot Gris 750mL | 1 Each,$25.00,$33.33 per 1L
Brookvale Union Ginger Beer Low Sugar Can 330mL | 6 Pack,$25.00,$12.63 per 1L | Was $31.00
Swanning Around Rose 750mL | 1 Each,$25.00,$33.33 per 1L
Mount Pleasant Philip Shiraz 750mL | 1 Each,,
Rocks Brewing American Pale Ale Can 375mL | 6 Pack,$25.00,$11.11 per 1L
Oyster Bay Pinot Noir 750mL | 1 Each,,
Ned Australian Whisky & Soda Apple Can 375mL | 4 Pack,$25.00,$16.67 per 1L
Truly Hard Seltzer Wild Berry Can 330mL | 4 Pack,$25.00,$18.94 per 1L
Truly Lemonade Seltzer Original Lemon Can 330mL | 4 Pack,$25.00,$18.94 per 1L
Just Vodka Soda Grape 6% Can 330mL | 4 Pack,$25.00,$18.94 per 1L
Bacardi Pina Colada Can 250mL | 4 Pack,$25.00,$25.00 per 1L
Swanning Around Prosecco 750mL | 1 Each,$25.00,$33.33 per 1L
Swanning Around Prosecco Rose 750mL | 1 Each,$25.00,$33.33 per 1L
Nepenthe Elevation Sparkling Cuvee 750mL | 1 Each,$25.00,$33.33 per 1L
Nepenthe Elevation Rose 750mL | 1 Each,$25.00,$33.33 per 1L
Petaluma Second Blooming Chardonnay 750mL | 1 Each,$25.00,
Brookvale Union Ginger Beer Tropical Can 330mL | 6 Pack,$25.00,$12.63 per 1L | Was $30.50
Bird In Hand Sparkling Pinot Noir 750mL | 1 Each,,
Chandon NV Rose 750mL | 1 Each,,
Woodstock 4.8% Bourbon & Cola Can 375mL | 6 Pack,,
Burleigh Bighead No Carb Beer Bottle 330mL | 6 Pack,,
Stone & Wood Pacific Ale Bottle 330mL | 6 Pack,$25.00,$1.26 per 100mL
Guinness Stout 375mL Bottle | 6 pack,$25.50,$1.13 per 100mL
Ninth Island Sauvignon Blanc 750mL | 1 Each,,
Bunnamagoo Semillon 750mL | 1 Each,$26.00,$34.67 per 1L
Mercury Hard Cider Can 375mL | 10 Pack,,
Coldstream Hills The Hills Pinot Noir 750mL | 1 Each,,
Gordons Pink Gin RTD Bottle 330mL | 4 Pack,,
McWilliams Reserve 660  Shiraz 750mL | 1 Each,,
Maker's Mark Kentucky Straight Bourbon Whisky 200mL | 1 Each,,
Rusty Yak Ginger Beer Can 330mL | 6 Pack,,
Captain Morgan & Cola 9% Can 250mL | 4 Pack,,
Church Road Classics Pinot Gris 750mL | 1 Each,,
Church Road Classics Chardonnay 750mL | 1 Each,,
McWilliams Reserve 660 Pinot Noir 750mL | 1 Each,,
McWilliams Reserve 660 Cabernet Sauvignon 750mL | 1 Each,,
Punt Road Of Light & Shadow Pinot Noir 750mL | 1 Each,$26.00,$34.67 per 1L | Was $31.00
Jansz Non Vintage Sparkling 750mL | 1 Each,,
Gordons Mediterranean Orange Bottle 330mL | 4 Pack,$26.00,$19.70 per 1L
Nepenthe Elevation Pinot Noir 750mL | 1 Each,$26.00,$34.67 per 1L
Corryton Burge Barossa Grenache 750mL | 1 Each,$26.00,$34.67 per 1L
Nepenthe Elevation Sauvignon Blanc 750mL | 1 Each,$26.00,$34.67 per 1L
Jose Cuervo Sparkling Margarita 330mL | 4 Pack,$26.00,$19.70 per 1L
Little Creatures Pale Ale Bottle 330mL | 6 Pack,,
Stone & Wood Little Dragon Ginger Beer Can 330mL | 6 Pack,$26.00,
Billson's Portello Vodka Mixed Drink 355mL | 4 Pack,$26.00,$18.31 per 1L
Billson's Creamy Soda Vodka Mixed Drink 355mL | 4 Pack,$26.00,$18.31 per 1L
Billson's Passionfruit Vodka Mixed Drink Can 355mL | 4 Pack,$26.00,$18.31 per 1L
Billson's Fruit Tangle Vodka Mixed Drink Can 355mL | 4 Pack,$26.00,$18.31 per 1L
Nepenthe Elevation Tempranillo 750mL | 1 Each,$26.00,$34.67 per 1L
Ninth Island Pinot Grigio 750mL | 1 Each,,
Yulli's Norman Australian Ale Can 375mL | 6 Pack,$26.00,$11.56 per 1L
Smirnoff Ice Red Bottles 300mL | 4 Pack,,
Jack Daniels Tennessee Whiskey Flask 200mL | 1 Each,,
Kentucky Bourbon & Cola 4.8% Can 375mL | 6 Pack,$26.00,$11.56 per 1L
Jose Cuervo Watermelon Sparkling Margarita Bottle 330mL | 4 Pack,$26.00,$19.70 per 1L
Fireball Cola 6.6% Can 355mL | 4 Pack,$26.00,$18.31 per 1L | Was $29.00
Fireball Apple 6.6% Can 355mL | 4 Pack,$26.00,$18.31 per 1L | Was $29.00
Fireball Cola 10% Can 250mL | 4 Pack,$26.00,$26.00 per 1L | Was $30.00
Bunnamagoo Estate Chardonnay 750mL | 1 Each,$26.00,$34.67 per 1L
Smirnoff Ice Double Black Guarana Can 250mL | 4 Pack,,
Bourke Street Shiraz 750ml | 1 Each,,
Bourke Street Pinot Noir 750mL | 1 Each,,
James Squire Ginger Beer Can 330mL | 6 pack,,
Kirin Ichiban Can 500mL | 6 Pack,$26.50,$8.83 per 1L
Guinness Draught Can 440mL | 6 Pack,,
Kilkenny Cans 440mL | 6 Pack,,
Rapaura Springs Pinot Noir 750mL | 1 Each,,
Somersby Apple Cider Can 375mL | 10 Pack,,
Ninth Island Pinot Noir 750mL | 1 Each,,
Jack Daniels Double Jack and Cola Can 375mL | 4 Pack,,
23rd Street Hybrid Whisk(e)y 200mL | 1 Each,,
Canadian Club & Zero Sugar Dry Can 375mL | 6 Pack,,
Capital Brewing Coast Ale Bottle 330mL | 6 pack,,
Akasha Hopsmith IPA Can 375mL | 4 Pack,,
Campo Viejo Reserva 750mL | 1 Each,,
Campo Viejo NV Cava Brut Reserva 750mL | 1 Each,,
St Hallett Blockhead Shiraz 750mL | 1 Each,,
St Hallett Blockhead Shiraz Grenache 750mL | 1 Each,,
Hardys Char No.3 Cabernet Sauvignon 750mL | 1 Each,,
Grant Burge Little Kings Grenache Shiraz Mourvedre 750mL | 1 Each,,
Fowles Are You Game Shiraz 750mL | 1 Each,,
Fowles Are You Game Chardonnay 750mL | 1 Each,$27.00,$36.00 per 1L
Fowles Are You Game Pinot Noir 750mL | 1 Each,,
Fowles Are You Game Sparkling White 750mL | 1 Each,,
Taylors Jaraman Grenache 750mL | 1 Each,,
Jack Daniels Double Jack & No Sugar Cans 375mL | 4 Pack,$27.00,$18.00 per 1L | Was $30.00
Ganzo Chianti D.O.C.G 750mL | 1 Each,$27.00,$36.00 per 1L
Steinbok Peach Schnapps 700mL | 1 Each,$27.00,$38.57 per 1L | Was $29.00
Canadian Club Soda & Lime Can 375mL | 6 Pack,$27.00,$12.00 per 1L | Was $30.00
Akasha Cloud 9 Hazy IPA Can 375mL | 4 Pack,$27.00,$18.00 per 1L
Moon Dog Ginger Beer Can 330mL | 6 Pack,$27.00,
Chateau Minuty M de Minuty Rose 750mL | 1 Each,$27.00,$36.00 per 1L | Was $38.00
Taylors Jaraman Cabernet Sauvignon 750mL | 1 Each,,
Taylors Jaraman Shiraz 750mL | 1 Each,,
White Claw Surge Blood Orange Can 330mL | 4 Pack,$27.00,| Was $30.00
White Claw Surge Blackberry Can 330mL | 4 Pack,$27.00,| Was $30.00
Devils Corner Pinot Noir Rose 750mL | 1 Each,$27.00,$36.00 per 1L
Canadian Club Cola Can 375mL | 6 Pack,$27.00,$12.00 per 1L | Was $30.00
Canadian Club Dry Can 375mL | 6 Pack,$27.00,$12.00 per 1L | Was $30.00
Jim Beam White & Cola Can 375mL | 6 Pack,,
Jim Beam Zero Sugar Cola Cans 375mL | 6 Pack,$27.00,$12.00 per 1L | Was $30.00
Coriole Sangiovese | 750mL,,
Peter Lehmann Futures Shiraz 750mL | 1 each,,
De Bortoli Show Liqueur Muscat 500mL | 1 Each,,
Asahi Super Dry Cans 500mL | 6 Pack,$28.00,$9.33 per 1L
Jameson Smooth Dry & Lime Can 375mL | 4 Pack,,
Taylors One Giant Leap Cabernet Sauvignon 750mL | 1 Each,,
Taylors One Giant Leap Shiraz 750mL | 1 Each,,
Taylors One Giant Leap Chardonnay 750mL | 1 Each,,
Jameson Raw and Cola Can 375mL | 4 Pack,,
Rose D'Amelie AOC Luberon Rose 750mL | 1 Each,,
Philter XPA Can 375mL | 6 Pack,,
Fat Pixie Hard Ginger Beer Can 375mL | 10 Pack,,
Yalumba SC Barossa Shiraz 750mL | 1 Each,,
Yalumba SC Barossa Bush Vine Grenache 750mL | 1 Each,$28.00,$37.33 per 1L
Serenello Prosecco Superiore 750mL | 1 Each,,
Brookvale Union Vodka Peach Iced Tea Can 330mL | 6 Pack,,
The Kraken Rum & Cola Bottle 330mL | 4 Pack,$28.00,$21.21 per 1L
The Kraken Rum & Dry Bottle 330mL | 4 Pack,,
Bombay Sapphire Gin & Tonic 275mL | 4 Pack,,
Pizzini Prosecco Rose 750mLmL | 1 Each,,
First Press Espresso Martini Can 200mL | 4 Pack,$28.00,$35.00 per 1L
Dandelion Vineyards Fairytale Of The Barossa Rose 750mL | 1 Each,$28.00,$37.33 per 1L
Brookvale Union Vodka Lemon Lime Bitters Can 330mL | 6 Pack,$28.00,$14.14 per 1L | Was $31.00
Brown Brothers Brut Reserve NV 750mL | 1 Each,$28.00,$37.33 per 1L
Manly Spirits Whisky Highball 275mL | 4 Pack,$28.00,$25.45 per 1L
De Bortoli Premium Liqueur Muscat Cask 4 Litre | 1 Each,,
Peter Drayton Wildstreak Chardonnay 750mL | 1 Each,$28.00,$37.33 per 1L
Four Pillars Bloody Shiraz Gin & Tonic Can 250mL | 4 Pack,$28.00,$28.00 per 1L
Four Pillars Fresh Yuzu Gin & Soda Can 250mL | 4 Pack,$28.00,$28.00 per 1L
The Kraken Black Mojito Can 330mL | 4 Pack,$28.00,$21.21 per 1L
De Bortoli Premium Varietal Old Tawny 4 Litre | 1 Each,,
West Coast Cooler Bottles 250mL | 6 Pack,,
Sticks Chardonnay 750mL | 1 Each,,
Jack Daniels Gentleman Jack & Cola Bottle 330mL | 4 Pack,,
Sauce Extra Hop  IPA Can 375mL | 4 Pack,$29.00,$19.33 per 1L
Lord Nelson Three Sheets Pale Ale Can 375mL | 6 Pack,$29.00,$12.89 per 1L
Bombay Sapphire Gin & Tonic Double Serve 10% Can 250mL | 4 Pack,$29.00,$29.00 per 1L | Was $31.00
Aperol Aperitivo 700mL | 1 Each,,
Harveys Cream Sherry 750mL | 1 Each,,
Redman Coonawarra Shiraz 750mL | 1 Each,,
Grant Burge Hillcot Merlot 750mL | 1 Each,,
McWilliams Hanwood Tawny 10 Years Old 750mL | 1 Each,,
Captain Morgan Spiced Rum & Cola Can 6% 375mL | 4 Pack,,
Wild Turkey Rare & Cola Bottle 320mL | 4 Pack,,
Vok Triple Sec 500mL | 1 Each,,
Vok Strawberry 500mL | 1 Each,,
Wild Turkey Rare & Cola Can 8% 320mL | 4 Pack,,
Loch Lomond  Single Malt Scotch Whisky 3X50mL | 1 Each,,
Gekkeikan Japanese Sake | 720mL,$30.00,$4.17 per 100mL
Campo Viejo Gran Reserva 750mL | 1 Each,,
James Busby Vineyard Series Tasmania Pinot Noir 750mL | 1 Each,,
Antipodes Espresso Liqueur 200mL | 1 Each,,
Canard Duchene Rose Champagne 375mL | 1 Each,$30.00,$8.00 per 1L | Was $40.00
Turkey Flat Rose 750mL | 1 Each,,
James Busby Vineyard Series McLaren Vale Grenache 750mL | 1 Each,$30.00,$40.00 per 1L | Was $40.00
James Busby Vineyard Series Cabernet Sauvignon 750mL | 1 Each,$30.00,$40.00 per 1L | Was $40.00
James Busby Vineyard Series Barossa Valley Shiraz 750mL | 1 Each,$30.00,$40.00 per 1L | Was $40.00
AJ Grenache 750mL | 1 Each,$30.00,$40.00 per 1L
AJ Chardonnay 750mL | 1 Each,$30.00,$40.00 per 1L
Arras Origin South 750mL | 1 Each,$30.00,$40.00 per 1L | Was $35.00
Brokenwood Regional Selection Shiraz 750mL | 1 Each,$30.00,$40.00 per 1L
Three Bridges Botrytis Semillion 375mL | 1 Each,$30.00,$80.00 per 1L
Peter Drayton Wildstreak Old Vine Semillon 750mL | 1 Each,$30.00,$40.00 per 1L
Brokenwood Regional Selection Chardonnay 750mL | 1 Each,$30.00,$40.00 per 1L
Jameson Soda Ginger Lime 4.8% Can 375mL | 6 Pack,$30.00,$13.33 per 1L
Nepenthe Ascend Sauvignon Blanc 750mL | 1 Each,$30.00,$40.00 per 1L | Was $35.00
Wild Turkey & Cola 101 Can 375mL | 4 Pack,,
Eden Road The Long Road Pinot Gris 750mL | 1 Each,$30.00,
Ninth Island Tasmanian Sparkling NV 750mL | 1 each,,
Vasse Felix Filius Chardonnay 750mL | 1 Each,,
Smirnoff Ice Double Black Zero Can 375mL | 4 Pack,,
Tia Maria Coffee Liqueur 700mL | 1 Each,,
Corona Extra Bottle 355mL | 12 Pack,$31.00,$7.28 per 1L | Was $35.00
Smirnoff Ice Double Black Vodka Cans 375mL | 4 Pack,,
Johnnie Walker Red & Cola Can 375mL | 6 Pack,,
Kentucky Bourbon Double Serve & Cola Can 375mL | 6 Pack,$31.00,$13.78 per 1L
Kentucky Bourbon Double Serve & Cola No Sugar Can 375mL | 6 Pack,$31.00,$13.78 per 1L
Dal Zotto Sangiovese | 750mL,,
Cape Mentelle Sauvignon Blanc Semillon 750mL | 1 Each,,
Campbells Bobbie Burns Shiraz 750mL | 1 Each,,
Jack Daniels American Serve & Cola 250mL | 4 Pack,,
Ch Barreyres Haut Medoc 750mL | 1 Each,$32.00,$42.67 per 1L
Malibu Caribbean White Rum 700mL | 1 Each,,
Moon Dog Fizzer Mixed Can 330mL | 10 Pack,$32.00,$9.70 per 1L | Was $35.00
Dominique Portet Fontaine Rose | 750mL,,
O'leary Walker River Riesling | 750mL,$32.00,$4.27 per 100mL
Kahlua Coffee Liqueur 700mL | 1 Each,,
Moet & Chandon Brut Imperial NV Piccolo 200mL | 1 Each,,
Jack Daniels & Cola Can 375mL | 6 Pack,,
St Hugo Chardonnay 750mL | 1 Each,,
St Hugo Riesling 750mL | 1 Each,,
Galway Pipe Fine Old Tawny 750mL | 1 Each,,
Chandon Vintage Rose | 750mL,$34.00,$4.53 per 100mL | Was $42.00
Dulong Reserve Saint Emilion 750mL | 1 Each,,
Baileys Irish Cream Liqueur 700mL | 1 Each,,
Tinnies Ultra Low Alcohol Can 375mL | 24 Pack,,
Silkman Shiraz 750mL | 1 Each,,
Chandon Vintage Brut Sparkling 750mL | 1 Each,,
Jim Beam Double Serve Can 375mL | 6 Pack,$34.00,$15.11 per 1L
Jim Beam White Double Serve Zero 6.7% Can 375mL | 6 Pack,$34.00,$15.11 per 1L
Baileys Australian Rivermint Chocolate Liqueur 700mL | 1 Each,$34.00,$48.57 per 1L
Old Lions Gin 700mL | 1 Each,,
Rio Minis Vanilla Coated Ice Cream | 700g,$34.00,$4.86 per 100g
42 Degrees South Pinot Noir 750mL | 1 Each,,
Vodka Cruiser Mixed 275mL | 10 Pack,,
Cleanskin Vodka 700mL | 1 Each,,
Georg Jensen Hallmark Cuvee NV 750mL | 1 Each,$35.00,$46.67 per 1L | Was $40.00
Norwester By Greystone Pinot Noir 750mL | 1 Each,$35.00,$46.67 per 1L
Native Spirits Adelaide Classic Gin By 23rd Street 500mL | 1 Each,$35.00,$70.00 per 1L | Was $60.00
Native Spirits West Winds Gin 500mL | 1 Each,$35.00,$70.00 per 1L | Was $55.00
Native Spirits Brisbane Dry Gin by Winston Quinn 500mL | 1 Each,$35.00,$70.00 per 1L | Was $55.00
Mumm Marlborough Brut Prestige 750mL | 1 Each,,
Barossa Valley Wine Co. Residence Tempranillo 750mL | 1 Each,$35.00,$46.67 per 1L
Barossa Valley Wine Co. Residence Motepulciano 750mL | 1 Each,$35.00,$46.67 per 1L
Royal Montcourt Brut Rose NV 750mL | 1 Each,$35.00,$46.67 per 1L | Was $40.00
Orlando Hilary' Chardonnay 750mL | 1 Each,$35.00,$46.67 per 1L
Gordons Zero Alcohol Gin 700mL | 1 each,$35.00,$50.00 per 1L
Cleanskin Fresh & Aromatic Gin 700mL | 1 Each,$35.00,$50.00 per 1L | Was $36.00
Bellarine Estate Sappir Sauvignon Blanc 750mL | 1 Each,$35.00,$46.67 per 1L
Bellarine Estate Sappir Rose 750mL | 1 Each,$35.00,$46.67 per 1L
Vodka Cruiser Sugar Free Mixed Bottle 275mL | 10 Pack,$35.00,$12.73 per 1L | Was $42.00
Penfolds Bin 8 Shiraz Cabernet 750mL | 1 Each,,
Frangelico Hazelnut Liqueur 700mL | 1 Each,,
Carlton Zero Bottle 330mL | 24 Pack,,
Black Bottle Brandy 700mL | 1 Each,,
Mr Black Espresso Martini Can 200mL | 4 Pack,$36.00,$45.00 per 1L
St Helena Brandy 700mL | 1 Each,,
Woodstock Bourbon & Cola 4.8% Can  375mL | 10 Pack,,
Smirnoff Red 37.5% Vodka 375mL | 1 Each,,
Shaw And Smith Sauvignon Blanc 750mL | 1 Each,,
De Bortoli Noble One Botrytis Semillon 375mL | 1 Each,,
Volsk Vodka 700mL | 1 Each,,
BLCK Vodka 700mL | 1 Each,$37.00,$52.86 per 1L | Was $39.00
Jim Beam White Bourbon 375mL | 1 each,,
John Samson Scotch Whisky 700mL | 1 Each,,
Hammer N Tongs Gold Block Can 330mL | 30 Pack,,
Great Northern Zero Bottle 330mL | 24 Pack,$38.00,$4.80 per 1L | Was $42.00
Chambord Liqueur 500mL | 1 Each,,
Bellarine Estate Sappir Chardonnay 750mL | 1 Each,$38.00,$50.67 per 1L
Bellarine Estate Sappir Pinot Noir 750mL | 1 Each,$38.00,$50.67 per 1L
Bellarine Estate Sappir Shiraz 750mL | 1 Each,$38.00,$50.67 per 1L
Cougar & Cola Can 375mL | 6 Pack,,
Uberbrau Imported Lager Bottle 330mL | 24 Pack,,
Baxter Australian Crafted Vodka 700mL | 1 Each,,
Finlandia Vodka 700mL | 1 Each,,
Armada Dark Rum 700mL | 1 Each,$39.00,$55.72 per 1L
Master Mary Spiced Gold 700mL | 1 Each,$39.00,$55.72 per 1L
Smithy's Mid Strength Bottle 330mL | 24 Pack,$39.00,$4.92 per 1L | Was $42.00
Sainte Louise Napoleon VSOP French Brandy 700mL | 1 Each,,
1585 London Dry Gin 700mL | 1 Each,$39.00,$55.72 per 1L | Was $42.00
Penfolds Father 10YO Tawny NV 750mL | 1 Each,,
Vodka O 700mL | 1 Each,,
Hammer N Tongs Draught Block Can 330mL | 30 Pack,,
Mount Tabor Adama Merlot 750mL | 1 Each,$40.00,$53.33 per 1L
Mount Tabor Chardonnay 750mL | 1 Each,,
Mount Tabor Adama Sauvignon Blanc 750mL | 1 Each,,
High Commissioner Blended Scotch Whisky 700mL | 1 Each,,
Charles de Cazanove Brut Tradition NV 750mL | 1 Each,,
McWilliams Single Vineyard Canberra Shiraz 750mL | 1 Each,,
McWilliams Single Vineyard Cabernet Sauvignon 750mL | 1 Each,,
Beer Pilsner Bottle 330mL (Naked Label) | 24 Pack,$40.00,$5.05 per 1L | Was $43.00
Kentucky Straight Bourbon 700mL | 1 Each,$40.00,$57.14 per 1L | Was $42.00
Tyrrells Sv Hvd Semillon | 750mL,,
Tails Espresso Martini 500mL | 1 Each,$40.00,$80.00 per 1L
Tails Passionfruit Martini 500mL | 1 Each,$40.00,$80.00 per 1L
Kentucky Gold Bourbon 700mL | 1 Each,,
Peroni Nastro 0.0% Bottle 330mL | 24 Pack,$40.00,$5.05 per 1L | Was $43.00
Baileys Pavlova 700mL | 1 Each,$40.00,$57.14 per 1L
Leeuwin Estate Prelude Chardonnay 750mL | 1 Each,,
Southern Comfort 700mL | 1 Each,,
St Hugo Cabernet Sauvignon 750mL | 1 Each,,
Koyomi 700mL | 1 Each,$41.00,$58.57 per 1L | Was $47.00
Pirate Life Point Nine Can 355mL | 16 Pack,$41.00,
Skyy Vodka 700mL | 1 Each,,
Grant Burge The Holy Trinity Gsm | 750mL,$41.00,$5.47 per 100mL | Was $46.00
Grant Burge Filsell Shiraz 750mL | 1 Each,,
St Hugo Shiraz 750ml | 1 Each,,
St Hugo GSM 750mL | 1 Each,$41.00,$54.67 per 1L | Was $48.00
Pimms Pimm's No 1 Cup 700mL | 1 Each,,
Bells Blended Scotch Whisky 700mL | 1 Each,,
Jim Beam White & Cola Can 375mL | 10 Pack,,
Canadian Club Dry Can 375mL | 10 pack,$42.00,$11.20 per 1L | Was $47.00
Brite Blonde Ultra Low Carb Bottle 330mL | 24 Pack,,
Villa Massa Limoncello 500mL | 1 Each,,
﻿Ballantines Scotch Whisky 700mL | 1 Each,,
Ouzo 12 Ouzo 700mL | 1 Each,,
Canadian Club Zero Sugar Dry 4.8% Cans 375mL | 10 Pack,,
Jim Beam White Zero Sugar Cola Cans 375mL  | 10 pack,,
Smithy's Bitter Can 375mL | 24 Pack,$42.00,$4.67 per 1L | Was $47.00
Smithy's Draught Can 375mL | 24 Pack,$42.00,$4.67 per 1L | Was $47.00
Smithy's Premium Lager Bottle 330mL | 24 Pack,$42.00,$5.30 per 1L | Was $47.00
Smithy's Dry Lager Bottle 330mL | 24 Pack,$42.00,$5.30 per 1L | Was $47.00
1585 Pink Gin 700mL | 1 Each,$42.00,$60.00 per 1L | Was $44.00
Bacardi Coconut Rum 700mL | 1 Each,$42.00,$60.00 per 1L | Was $47.00
Bacardi Raspberry Rum 700mL | 1 Each,$42.00,$60.00 per 1L | Was $47.00
Canadian Club Soda & Lime Can 375mL | 10 Pack,$42.00,$11.20 per 1L | Was $47.00
Captain Morgan Spiced Gold 700mL | 1 Each,,
Gordons Gin 700mL | 1 Each,,
Maxx Dry Bottle 330mL | 24 pack,,
Bosio Nebbiolo d'Alba DOC 750mL | 1 Each,$43.00,$57.33 per 1L
Smirnoff Red Vodka 700mL | 1 Each,$43.00,$61.43 per 1L | Was $44.00
Jim Beam White Label Bourbon 700mL | 1 Each,,
Lorry Boys Pale Ale Can 375mL | 24 Pack,,
Lorry Boys Pacific Ale Can 375mL | 24 pack,,
Captain Morgan Tropical Mango & Pineapple 700mL | 1 Each,$43.00,$61.43 per 1L | Was $50.00
Beenleigh White Rum 750mL | 1 Each,$43.00,
Smithy's Gold Block Can 375mL | 30 Pack,$43.00,$3.82 per 1L | Was $46.00
Corryton Burge Cornelian Bay Pinot Noir 750mL | 1 Each,$43.00,$57.33 per 1L
Johnnie Walker Red Label Scotch Whisky 700mL | 1 Each,,
Jack Daniels Tennessee Apple 700mL | 1 Each,$43.00,$61.43 per 1L | Was $54.00
Jack Daniels Tennessee Honey Whiskey 700mL | 1 Each,,
Petaluma Riesling 750mL | 1 Each,,
Baron Samedi Dark Spiced Rum 700mL | 1 Each,,
Bacardi Superior Rum 700mL | 1 Each,,
Smirnoff Ice Double Black Vodka Cans 375mL | 6 Pack,$44.00,$19.56 per 1L
Cougar Bourbon 700mL | 1 Each,,
Campari Aperitif 700mL | 1 Each,,
Galliano Black Sambuca 500mL | 1 Each,,
Henninger Premium Lager Bottle 330mL | 24 Pack,,
Galliano White Sambuca 500mL | 1 Each,,
Loch Lomond Reserve Blended Scotch Whisky 700mL | 1 Each,,
Charles de Cazanove Brut Rose Tradition NV 750mL | 1 Each,,
Mr Black Cold Brewed Coffee Liqueur 500mL | 1 Each,,
Stolichnaya Gluten Free Vodka 700mL | 1 Each,,
Woodstock Bourbon & Cola 10% Cans 200mL | 10 Pack,,
Kalki Moon Classic Gin 700mL | 1 Each,$45.00,$64.29 per 1L | Was $47.00
Mumm Marlborough Rose 750mL | 1 Each,$45.00,$60.00 per 1L
Master Mary Spiced Rum 700mL | 1 Each,$45.00,$64.29 per 1L | Was $50.00
Master Mary Pineapple and Ginger Rum 700mL | 1 Each,$45.00,$64.29 per 1L | Was $50.00
Master Mary Passionfruit and Lime Rum 700mL | 1 Each,$45.00,$64.29 per 1L | Was $50.00
Charles de Cazanove Tradition Blanc de Blancs NV 750mL | 1 Each,$45.00,| Was $55.00
Starward New Old Fashioned Bottled Cocktail 500mL | 1 Each,$45.00,| Was $55.00
Starward Whisky Negroni Bottled Cocktail 500mL | 1 Each,$45.00,| Was $55.00
Grainshaker Corn Vodka 700mL | 1 Each,$45.00,$64.29 per 1L | Was $55.00
El Quinto Tequila 700mL | 1 Each,$45.00,$64.29 per 1L
Kahlua Liqueur 1L | 1 Each,$45.00,$45.00 per 1L | Was $50.00
Malibu Caribbean Rum 1L | 1 Each,$45.00,$45.00 per 1L | Was $50.00
Henninger Lager Bottle 660mL | 12 Pack,,
Tooheys Extra Dry Bottle 345mL | 24 Pack,,
Mr Finch Apple Cider Bottle 330mL | 24 Pack,,
Mr Finch Pear Cider Bottle 330mL | 24 Pack,,
Absolut Lime 700mL | 1 Each,,
Mr Finch Apple Lower Sugar Cider Bottle 330mL | 24 Pack,,
Absolut Vodka 700mL | 1 Each,,
Mr Finch Cider Rose Bottle 330mL | 24 Pack,,
San Juan Lager Bottle 330mL | 24 Pack,$46.00,$5.81 per 1L | Was $50.00
Nort Refreshing Ale Bottle 330mL | 24 Pack,$46.00,| Was $50.00
Carlton Dry Bottle 330mL | 24 Pack,,
Absolut Passionfruit Vodka 700mL | 1 Each,$46.00,$65.72 per 1L | Was $55.00
Absolut Watermelon Vodka 700mL | 1 Each,$46.00,$65.72 per 1L | Was $55.00
Baileys Irish Cream 1 Litre | 1 Each,,
Absolut Vanilla Vodka 700mL | 1 Each,,
Hammer N Tongs Bitter Block Can 330mL | 30 Pack,,
Canadian Club 8YO Whisky 700mL | 1 Each,,
Balter Captain Sensible Can 375mL | 16 Pack,,
XXXX Gold Bottle 375mL | 24 Pack,,
Hahn Premium Light Bottle 375mL | 24 Pack,,
Newy Distillery Ocean Blue Gin 500mL | 1 Each,$47.00,$94.00 per 1L | Was $52.00
Grand Marnier Liqueur 500mL | 1 Each,,
St Agnes VS Brandy 700mL | 1 Each,,
Wild Turkey American Honey Liqueur 700ml | 1 Each,,
Jack Daniels & Cola Can 375mL | 10 Pack,,
Grant's Triple Wood Scotch Whisky 700mL | 1 Each,,
Stella Artois Bottle 330mL | 24 Pack,,
Great Northern Super Crisp Lager Bottle 330mL | 24 Pack,,
Jim Beam White Double Serve 6.7% Can 375mL | 10 Pack,$48.00,$12.80 per 1L | Was $53.00
Mayfair Pink Gin 700mL | 1 Each,$48.00,$68.57 per 1L | Was $55.00
Amalfi Lager Bottle 330mL | 24 Pack,$48.00,$6.06 per 1L | Was $52.00
Sheep Dog Peanut Butter Whiskey 700mL | 1 Each,$48.00,$68.57 per 1L | Was $59.00
Brew Dog Nanny State Can 375mL | 16 Pack,$48.00,$8.00 per 1L
Licor 43 Liqueur Imported | 700mL,$48.00,$48.00 per 1ea | Was $59.00
Loch Lomond Signature Blended Scotch Whisky 700mL | 1 Each,$48.00,$68.57 per 1L
Canadian Club Whisky 700mL | 1 Each,,
Carlsberg Green Bottle 330mL | 24 Pack,,
4 Pines Brewing Japanese Lager Can 375mL | 18 Pack,$48.00,$7.11 per 1L | Was $55.00
Kentucky Bourbon Double Serve & Cola Can 375mL | 10 Pack,$48.00,$12.80 per 1L
Kentucky Bourbon Double Serve & No Sugar Can 375mL | 10 Pack,$48.00,$12.80 per 1L
Mount Gay Eclipse Barbados Rum 700mL | 1 Each,,
Summer Bright Lager Bottle 330mL | 24 Pack,,
Suntory Midori Melon Liqueur 700mL | 1 Each,,
Sierra Tequila Silver 700mL | 1 Each,,
Steamrail Pale Ale Bottle 330mL | 24 Pack,,
Pirate Life South Coast Pale Ale Can 355mL | 16 Pack,$49.00,$8.63 per 1L
El Sueno Tequila Silver Bottle 700mL | 1 Each,$49.00,$70.00 per 1L | Was $55.00
El Sueno Tequila Gold Bottle 700mL | 1 Each,$49.00,$70.00 per 1L | Was $55.00
-196 Double Lemon & Vodka Can 330ml | 10 Pack,$49.00,$14.85 per 1L
Newy Distillery Passionfruit Gin 500mL | 1 Each,$49.00,$98.00 per 1L | Was $52.00
Barbaresso Ouzo 700mL | 1 Each,,
DOS EQUIS DOS EQUIS XX SPECIAL LAGE,,
Hahn Super Dry Bottle 330mL | 24 Pack,,
Jack Daniels Whiskey 700mL | 1 Each,,
-196 Double Grape 6% Can 330mL | 10 Pack,$49.00,$14.85 per 1L
Jim Beam Black Extra-Aged Kentucky Straight Bourbon 700mL | 1 Each,,
Somersby Apple Cider Bottle 330mL | 24 Pack,,
Somersby Pear Cider Bottle 330mL | 24 Pack,,
Devil's Lair Margaret River Chardonnay 750mL | 1 Each,,
Charles de Cazanove Tradition Brut Vintage 750mL | 1 Each,,
Johnnie Walker Black Label 12YO Scotch Whisky 700mL | 1 Each,,
Cloudy Bay Pelorus Rose Brut 750mL | 1 Each,$50.00,$66.67 per 1L
Jameson Irish Whiskey 700mL | 1 Each,,
Mountain Goat Goat Lager Can 375mL | 24 Pack,,
Canard Duchene Brut NV Champagne 750mL | 1 Each,,
Byron Bay Lager Bottle 355mL | 24 Pack,,
Chivas Regal 12YO Scotch Whisky 700mL | 1 Each,,
Cloudy Bay Pelorus Nv | 750mL,$50.00,$6.67 per 100mL
Bombay Sapphire Bombay Bramble 700mL | 1 Each,$50.00,$71.43 per 1L | Was $66.00
Smirnoff Seltzer Mixed Can 250mL | 12 Pack,$50.00,$16.67 per 1L | Was $62.00
James Squires Zero Bottle 345mL | 24 Pack,$50.00,
Penfolds Bin 28 Shiraz 2019 750mL | 1 Each,,
Penfolds Bin 128 2019 Shiraz 750mL | 1 Each,$50.00,$66.67 per 1L | Was $60.00
Stone & Wood Green Coast Lager Bottle 330mL | 24 Pack,$50.00,$6.31 per 1L
White Bay Crusher Can 355mL | 16 Pack,$50.00,
Ned Australian Whisky & Cola Can 375mL | 10 Pack,$50.00,$13.33 per 1L | Was $55.00
Truepenny Gin 700mL | 1 Each,$50.00,$71.43 per 1L
Captain Morgan Tropical Watermelon & Coconut 700mL | 1 Each,$50.00,$71.43 per 1L
Somersby Super Crisp Apple Cider Bottle 330ml | 24 Pack,$50.00,$6.31 per 1L | Was $60.00
Great Northern Super Crisp Lager Can 375mL | 24 Pack,$50.00,$5.56 per 1L
Moon Dog Fizzer Seltzer 6% Can 330mL | 10 Pack,$50.00,$15.15 per 1L
Smirnoff Ice Double Black Can 375mL | 10 Pack,,
Heineken Bottle 330mL | 24 Pack,,
ARRAS ARRAS BRUT ELITE SPARKLIN,,
Budweiser Bottle 330mL | 24 Pack,,
Victoria Bitter Bottle 375mL | 24 Pack,,
Jim Beam Devils Cut Kentucky Straight Bourbon Whiskey 700mL | 1 Each,,
Carlton Mid Block Can 375mL | 30 Pack,,
Royal Dutch Posthorn Ext Smooth Can 500mL | 24 Pack,,
Chateau D'Esclans Whispering Angel Rose 750mL | 1 Each,$52.00,
Asahi Super Dry Bottle 330mL | 24 Pack,,
Aerstone Sea Cask 10YO Single Malt Scotch 700mL | 1 Each,,
Aerstone Land Cask 10YO Single Malt Scotch 700mL | 1 Each,,
Metaxa 5 Star Brandy | 700mL,$52.00,$7.43 per 100mL
Furphy Crisp Lager Bottle 375mL | 24 Pack,,
Moet & Chandon Brut Nv Half | 375mL,$52.00,$13.87 per 100mL
Old Forester Kentucky Bourbon Whisky 700mL | 1 Each,$52.00,$74.29 per 1L | Was $59.00
Balter Eazy Hazy Can 375mL | 16 Pack,$52.00,$8.67 per 1L
White Claw Variety Can 330mL | 10 Pack,$52.00,$15.76 per 1L
Evan Williams Kentucky Bourbon Whiskey | 700mL,,
1585 London Dry Gin Gin 1L | 1 Each,$52.00,$52.00 per 1L
BLCK Vodka 1L | 1 Each,$52.00,$52.00 per 1L
Wild Turkey & Cola Can 375mL | 10 Pack,,
Tooheys New Bottle 375mL | 24 Pack,,
Furphy Refreshing Ale Bottle 375mL | 24 Pack,,
Iron Jack Block Can 375mL | 30 Pack,,
Tanqueray Gin 700mL | 1 Each,,
Gordons Pink Gin 700mL | 1 Each,,
XXXX Gold Cans 375mL | 24 Pack,,
Dead Mans Fingers Spiced Rum 700mL | 1 Each,,
Tsingtao Bottle 330mL | 24 Pack,,
Dead Mans Fingers Lime Rum 700mL | 1 Each,$53.00,$75.72 per 1L
Gordons Mediterranean Orange Gin 700mL | 1 Each,$53.00,$75.72 per 1L
Pure Origin Tasmanian Gin 700mL | 1 Each,$53.00,$75.72 per 1L | Was $60.00
Pure Origin Tasmanian Bramble Gin 700mL | 1 Each,$53.00,$75.72 per 1L | Was $60.00
Pure Origin Tasmanian Pink Gin 700mL | 1 Each,$53.00,$75.72 per 1L | Was $60.00
XXXX Gold Can 375mL | 24 Pack,$53.00,$5.89 per 1L
XXXX Gold Block Can 375mL | 30 Pack,,
Great Northern Original Lager Bottle 330mL | 24 Pack,,
Sapporo Bottles 355mL | 24 pack,,
Vodka O 1 Litre | 1 Each,,
Proper No. Twelve Irish Whiskey 700mL | 1 Each,,
Sailor Jerry Savage Apple 700mL | 1 Each,$54.00,$77.14 per 1L
Coopers Mild Ale Bottle 375mL | 24 Pack,,
Kirin Ichiban Bottle 330mL | 24 Pack,$54.00,
Little Creatures Pacific Ale Can 375mL | 16 Pack,$54.00,$9.00 per 1L | Was $60.00
Tooheys Extra Dry Can 375mL | 24 Pack,$54.00,$6.00 per 1L
Travla Mid Strength Lager Can 375mL | 24 Pack,$54.00,$6.00 per 1L | Was $57.00
Great Northern Super Crisp Lager Block Can 375mL | 30 Pack,,
Jack Daniels Tennessee Fire 700mL | 1 Each,,
Wild Yak Pacific Ale Bottle 345mL | 24 Pack,,
Furphy Refreshing Ale Can 375mL | 24 Pack,,
Iron Jack Red Block Can 375mL | 30 Pack,,
Tinnies Pale Ale Can 375mL | 24 pack,$55.00,$6.11 per 1L | Was $58.00
Fiorente Elderflower Liqueur 700mL | 1 Each,,
Jagermeister Herbal Liqueur 700mL | 1 Each,,
Native Spirits Sydney Dry Gin by Archie Rose 500mL | 1 Each,,
Native Spirits Melbourne Classic Gin by Patient Wolf 500mL | 1 Each,,
Never Never Triple Juniper Gin 500mL | 1 Each,,
James Squire Shackles Bottle 330mL | 24 Pack,,
Pure Origin Tasmanian Vodka 700mL | 1 Each,$55.00,$78.57 per 1L
Mayfair London Dry Gin 700mL | 1 Each,$55.00,$78.57 per 1L
Mayfair Blood Orange & Yuzu Gin 700mL | 1 Each,$55.00,$78.57 per 1L
Mayfair Rhubarb & Ginger Gin 700mL | 1 Each,$55.00,$78.57 per 1L
Tinnies Hazy Pale Can 375mL | 24 Pack,$55.00,$6.11 per 1L | Was $58.00
Tinnies XPA Can 375mL | 24 Pack,$55.00,$6.11 per 1L | Was $58.00
Tinnies Pacific Ale Can 375mL | 24 Pack,$55.00,$6.11 per 1L | Was $58.00
Tinnies IPA Can 375mL | 16 Pack,$55.00,$9.17 per 1L | Was $59.00
Pure Blonde Bottle 355mL | 24 Pack,,
Loch Lomond Spearhead Single Grain Scotch Whisky 700mL | 1 Each,$55.00,$78.57 per 1L | Was $65.00
Paraiso Lychee Liqueur 700mL | 1 Each,,
Brew Dog Lost Lager Can 375mL | 16 Pack,$55.00,
Kentucky Straight Bourbon 1L | 1 Each,$55.00,$55.00 per 1L | Was $57.00
Tinnies Lower Sugar Ginger Beer Can 330mL | 24 Pack,$55.00,$6.94 per 1L | Was $61.00
Akasha Super Chill Can 375mL | 16 Pack,$55.00,$9.17 per 1L
Tinnies Stout Can 375mL | 16 Pack,$55.00,$9.17 per 1L | Was $58.00
Calabria Pedro Ximenez 375mL | 1 Each,$55.00,$146.67 per 1L
Pure Blonde Can 375mL | 24 Pack,$55.00,$6.11 per 1L
Tinnies Lager Can 375mL | 24 Pack,$55.00,$6.11 per 1L
Peroni Nastro Azzurro 5% Bottle 330mL | 24 Pack,$55.00,
Pure Blonde Can 375mL | 24 Pack,,
Fat Yak Pale Ale Bottle 345mL | 24 Pack,,
Makers Mark Kentucky Straight Bourbon Whisky 700mL | 1 Each,,
James Squire 150 Lashes Pale Ale Bottle 330mL | 24 Pack,,
Bulldog Gin 700mL | 1 Each,$55.00,$78.57 per 1L
Carlton Dry Can 375mL | 24 Pack,,
Kentucky Gold Bourbon 1 Litre | 1 Each,,
Cloudy Bay Marlborough Sauvignon Blanc 750mL | 1 Each,,
Jim Beam Double Oak Kentucky Straight Bourbon Whiskey 700mL | 1 Each,,
Lighthouse Gin 700mL | 1 Each,,
Crabbies Yardhead Single Malt Whisky | 1 Each,,
Carlton Dry Can 375mL | 24 Pack,$56.00,$6.22 per 1L
Great Northern Original Can 375mL | 24 Pack,$56.00,$6.22 per 1L
Ballantines 12YO Blended Scotch Whisky 700mL | 1 Each,$56.00,$80.00 per 1L
Strongbow Lower Carb Bottle 330mL | 24 Pack,$56.00,$7.07 per 1L
Strongbow Cider Original Bottle 330mL | 24 Pack,$56.00,$7.07 per 1L
James Boags Premium Bottle 375mL | 24 Pack,,
Mayfair Summer Citrus Gin 700mL | 1 Each,$56.00,$80.00 per 1L
Miller Chill Premium Bottle 330mL | 24 Pack,,
Tooheys New Block Can 375mL | 30 Pack,,
Carlton Draught Bottle 375mL | 24 Pack,,
Tullamore Dew Irish Whiskey 700mL | 1 Each,,
COOPERS COOPERS PALE ALE CAN 375M,,
Smirnoff Red Vodka 1 Litre | 1 Each,,
The Pogues Irish Whiskey 700mL | 1 Each,$57.00,$81.43 per 1L
Sainte Louise VSOP French Brandy | 1L,,
Tito's Handmade Vodka 700mL | 1 Each,$57.00,$81.43 per 1L | Was $60.00
Coopers Original Pale Ale Bottle 375mL | 24 Pack,,
Resch's Dinner Ale Can 375mL | 24 Pack,$57.00,
Bacardi Superior Rum 1 Litre | 1 Each,,
Hahn Super Dry Can 375mL | 24 Pack,$57.00,$6.33 per 1L
Jose Cuervo Especial Tequila 700mL | 1 Each,,
Buffalo Trace Bourbon | 700mL,,
Tooheys Extra Dry Block Can 375mL | 30 Pack,$57.00,| Was $62.00
Wild Turkey Kentucky Straight Bourbon Whiskey 700mL | 1 Each,,
Grant's Triple Wood Scotch Whisky 1L | 1 Each,$57.00,$57.00 per 1L | Was $69.00
Sailor Jerry Caribbean Rum 700mL | 1 Each,,
Henschke Keyneton Euphonium 750mL | 1 Each,,
Chivas Regal Extra 13yo Scotch 700mL | 1 Each,,
Captain Morgan Spiced Rum 1 Litre | 1 Each,,
Sailor Jerry Spiced Rum 1L | 1 Each,$58.00,$58.00 per 1L | Was $77.00
Fat Pixie Hard Apple Cider Can 375mL | 24 Pack,,
Hahn Ultra Crisp Bottle 330mL | 24 Pack,,
Fat Pixie Lower Sugar Strawberry & Lime Cider Can 375mL | 24 Pack,,
Piper Heidsieck Brut NV Champagne 750mL | 1 Each,,
Victoria Bitter Can 375mL | 24 Pack,$58.00,$6.44 per 1L
Canadian Club Whisky 1 Litre | 1 Each,,
Malt Shoval XPA Can 375mL | 16 Pack,$58.00,$9.67 per 1L
Chivas Regal Extra 13YO Bourbon Cask Scotch Whisky 700mL | 1 Each,$58.00,$82.86 per 1L | Was $76.00
White Bay Union Lager Can 355mL | 16 Pack,$58.00,$10.21 per 1L
White Bay Sunny Pale Can 355mL | 16 Pack,$58.00,$10.21 per 1L
Dead Mans Fingers Tequila Reposado 700mL | 1 Each,$58.00,$82.86 per 1L
Basil Hayden Kentucky Straight Bourbon Whiskey 700mL | 1 Each,$58.00,$82.86 per 1L | Was $71.00
Gordons Dry Gin 1 Litre | 1 Each,,
Brick Lane Hi-Fi Dry Japanese No Carb Lager Can 355mL | 24 Pack,$58.00,$6.81 per 1L
Wild Turkey & Cola 101 Can 375mL | 10 Pack,,
Johnnie Walker Double Black Scotch Whisky 700mL | 1 Each,,
Jim Beam White Bourbon 1 Litre | 1 Each,,
De Kuyper Butterscotch Schnapps 700mL | 1 Each,,
Galliano Liquore 500mL | 1 Each,,
Mercury Hard Cider Can 375mL | 24 Pack,,
Loch Lomond Original Single Malt Scotch Whisky 700mL | 1 Each,,
4 Pines Brewing Pacific Ale Bottle 330mL | 24 Pack,,
Crown Lager Bottle 375mL | 24 Pack,,
Ink Sloe & Berry Gin Liqueur 700mL | 1 Each,$59.00,$84.29 per 1L | Was $73.00
El Jimador Blanco 700mL | 1 Each,$59.00,$84.29 per 1L
Johnnie Walker Red Label Scotch Whisky 1 Litre | 1 Each,,
Rooster Rojo Blanco Tequila 700mL | 1 Each,$59.00,$84.29 per 1L
Levenside Special Reserve Single Scotch Whisky 700mL | 1 Each,$59.00,$84.29 per 1L
Wilde Lager Can 375mL | 16 Pack,$59.00,$9.83 per 1L
Havana Club Anejo Especial 700mL | 1 Each,,
Corona Bottle 355mL | 24 Pack,,
Spill Easy Going Lager Can 375mL | 24 Pack,$59.00,| Was $62.00
Grainshaker Vodka Mixed Can 6% 330mL | 12 Pack,$59.00,$14.90 per 1L | Was $65.00
Belvedere Vodka 700mL | 1 Each,,
Fireball Cinnamon Flavoured Whisky 700mL | 1 Each,,
Auchentoshan American Oak Single Malt Whisky 700mL | 1 Each,,
Singleton Malt Master's Selection Whisky 700mL | 1 Each,,
Canard Duchene Brut Vintage 750mL | 1 Each,$60.00,$8.00 per 100mL | Was $80.00
Bells Scotch Blended Scotch Whisky 1L | 1 Each,,
Great Southern Giniversity Native Gin 500mL | 1 Each,,
Mercury Hard Cider Crushed Raspberry Can 375mL | 24 Pack,,
Mumm Cordon Rouge Nv Champagne | 750mL,,
White Bay Sunny Pale Can 355mL | 18 Pack,$60.00,$9.39 per 1L
Terroirs Of The Barossa Ebenezer Shiraz 750mL | 1 Each,,
Mercury Crushed Passionfruit Cidar Cans 375mL | 24 pack,,
JIm Beam Black Double Serve 6.9% Can 375mL | 10 Pack,$60.00,$16.00 per 1L
Olmeca Altos Reposado Tequila 700mL | 1 Each,$60.00,$85.72 per 1L | Was $66.00
Orion The Draft Can 350mL | 24 Pack,$60.00,$7.14 per 1L | Was $63.00
Mercury Hard Cider Blackcurrant Can 375mL | 24 Pack,$60.00,$6.67 per 1L | Was $67.00
Moretti Italian Bottle 330mL | 24 Pack,$60.00,$7.58 per 1L
Young Henrys Hazy Pale Can 375mL | 16 Pack,$60.00,$10.00 per 1L
Espolon Tequila Reposado 700mL | 1 Each,,
Hahn Super Dry 3.5 Block Can 375mL | 30 Pack,,
Pure Blonde Crisp Apple Cider Bottle 355mL | 24 Pack,,
Balter XPA Can 375mL | 16 Pack,,
Verano Spanish Lemon Gin 700mL | 1 Each,,
Tooheys Old Dark Ale Bottle 375mL | 24 Pack,,
El Jimador Reposado Tequila 700mL | 1 Each,,
Vdka 6100 750mL | 1 Each,,
Tanqueray Sevilla 700mL | 1 Each,,
Copper Dog Blended Malt Whisky 700mL | 1 Each,,
Whitley Neill Blood Orange Gin 700mL | 1 Each,,
Whitley Neill Rhubarb & Ginger Gin 700mL | 1 Each,,
Whitley Neill Raspberry Gin 700mL | 1 Each,$62.00,
Tanqueray Blackcurrant Royale 700mL | 1 Each,$62.00,$88.57 per 1L | Was $67.00
Black Hound Blended Malt Scotch Whisky 700mL | 1 Each,$62.00,$88.57 per 1L
Wild Turkey 101 Kentucky Straight Bourbon Whiskey 700mL | 1 Each,,
Ned Australian Whisky 700mL | 1 Each,$62.00,$88.57 per 1L
Victoria Bitter Block Can 375mL | 30 Pack,$62.00,$5.51 per 1L
Rocks Brewing Mid Strength Pale Ale Can 375mL | 24 Pack,$62.50,$6.94 per 1L
Malfy Gin Originale 700mL | 1 Each,$63.00,| Was $67.00
Malfy Con Limone Gin 700mL | 1 Each,,
Coopers XPA Can 375mL | 24 Pack,,
Malfy Gin Rosa 700mL | 1 Each,$63.00,| Was $67.00
Coopers Original Pale Ale Bottle 750mL | 12 Pack,,
Malfy Gin Con Arancia 700mL | 1 Each,$63.00,$90.00 per 1L | Was $67.00
Mt Difficulty Pinot Noir | 750mL,$63.00,$8.40 per 100mL
Moutard Rose Champagne 750mL | 1 each,,
Olmeca Altos Plata Tequila 700mL | 1 Each,,
Grey Goose Vodka 700mL | 1 Each,,
Dimple 12YO Blended Scotch Whisky 700mL | 1 Each,,
Petaluma Chardonnay 750mL | 1 Each,,
Four Pillars Spiced Negroni Gin 700mL | 1 Each,,
Bushmills Irish Malt Whiskey 10 YO 700mL | 1 Each,$65.00,$92.86 per 1L | Was $73.00
Haku Vodka 700mL | 1 Each,,
Glen Grant Arboralis Single Malt Scotch Whisky 700mL | 1 Each,,
Fireball Cinnamon Flavoured Whisky 1L | 1 Each,$65.00,$65.00 per 1L | Was $75.00
Seven Seasons Bush Apple Gin 500mL | 1 Each,$65.00,$130.00 per 1L | Was $72.00
Seven Seasons Green Ant Gin 500mL | 1 Each,$65.00,$130.00 per 1L | Was $72.00
Little Creatures Pale Ale Bottle 330mL | 24 Pack,,
Levenside 10YO Single Malt Scotch Whisky 700mL | 1 Each,$65.00,$92.86 per 1L
Jose Cuervo Especial Tequila Silver 1L | 1 Each,$65.00,$65.00 per 1L | Was $78.00
Dangerous Don Original Mezcal 500mL | 1 Each,$65.00,$130.00 per 1L
Mayfair London Dry Gin 1L | 1 Each,$65.00,$65.00 per 1L | Was $68.00
Mayfair Pink Gin 1L | 1 Each,$65.00,$65.00 per 1L | Was $68.00
Drink West Lager Can 375mL | 24 Pack,$65.00,$7.22 per 1L
Mountain Goat Hazy Summer Ale Can 375mL | 24 Pack,$65.00,$7.22 per 1L
Cointreau Liqueur 700mL | 1 Each,,
Alize Bleu 750mL | 1 Each,,
Absolut Vodka 1 Litre | 1 Each,,
Heineken Can 500mL | 24 Pack,,
Jack Daniels Double Jack & Cola Can 375mL | 10 pack,,
Tanqueray Rangpur 700mL | 1 Each,,
Reyka Vodka 700mL | 1 Each,,
Reeftip Spiced Rum 700mL | 1 Each,$66.00,$94.29 per 1L
Russian Standard Original Vodka 700mL | 1 Each,,
Carlsberg Green Can 500mL | 24 Pack,,
Young Henrys Newtowner Can 375mL | 24 Pack,,
78 Degrees Classic Gin 700mL | 1 Each,,
Dimple 15YO Scotch Whisky 700mL | 1 Each,,
Brew Dog Hazy Jane Can 375mL | 16 Pack,$67.00,$11.17 per 1L
Jinzu Gin 700mL | 1 Each,,
Mismatch Session Ale Can 375mL | 24 Pack,,
Moet & Chandon Brut Imperial NV Champagne 750mL | 1 Each,,
SYDNEY BEER CO SYDNEY BEER CO LAGER 330M,,
Gordons Pink Gin 1000mL | 1 Each,$68.00,$68.00 per 1L
Cedar Creek Apple Cider Can 375mL | 24 Pack,,
Pirate Life Hazy IPA Can 355mL | 16 Pack,$68.00,$11.97 per 1L
Canadian Club 12YO Classic Blended Whisky 700mL | 1 Each,,
Mismatch Rotational Hazy IPA Can 375mL | 16 Pack,$68.00,$11.33 per 1L | Was $72.00
Loch Lomond 10YO Single Malt Whisky 700mL | 1 Each,$68.00,$97.14 per 1L | Was $75.00
Pure Origin Vodka 1L | 1 Each,$68.00,$68.00 per 1L | Was $70.00
Orion 75 Pilsner Can 350mL | 24 Pack,$68.00,$8.10 per 1L | Was $69.00
Wild Turkey Kentucky Straight Bourbon Whiskey 1L | 1 Each,,
Cattier Non Vintage Champagne 750mL | 1 each,,
Bombay Sapphire Gin 1L | 1 Each,,
Balter Hazy IPA Can 375mL | 16 Pack,,
Wildflower Signature Gin 700mL | 1 Each,$69.00,$98.57 per 1L | Was $79.00
Young Henrys Noble Cut Gin 700mL | 1 Each,$69.00,$98.57 per 1L | Was $75.00
Kirin Megumi Can 500mL | 24 Pack,$69.00,$5.75 per 1L
Coopers Extra Stout Bottle 375mL | 24 pack,,
Yulli's Amanda Mandarin IPA Can 375mL | 16 Pack,$69.00,$11.50 per 1L
St Hallett Blackwell Shiraz 750mL | 1 Each,,
Victoria Bitter Bottle 750mL | 12 Pack,,
Four Pillars Rare Dry Gin 700mL | 1 Each,,
Tanqueray Gin 1L | 1 Each,,
23rd Street Signature Gin 700mL | 1 Each,,
Glenlivet 12YO Single Malt Scotch Whisky 700mL | 1 Each,,
Hennessy VS Cognac 700mL | 1 Each,,
Roku Gin 700mL | 700mL,$70.00,$100.00 per 1L
Drambuie Scotch Whisky Liqueur 700mL | 1 Each,,
Starward Two Fold Whisky 700mL | 1 Each,,
Coopers Sparkling Ale Bottle 750mL | 12 Pack,,
Great Southern Giniversity Barrel Aged Gin 500mL | 1 Each,,
Mountain Goat Hazy Pale Ale Can 375mL | 24 Pack,,
Sapporo Can 650mL | 12 Pack,$70.00,$8.97 per 1L
The Group The Siege by  McLaren Vale Shiraz 750mL | 1 Each,,
Easy Rider Bourbon & Cola Cans 375mL | 24 Pack,,
Woodford Reserve Kentucky Straight Bourbon Whiskey 700mL | 1 Each,,
Sapporo Black Can 650mL | 12 Pack,$70.00,$8.97 per 1L
Moon Dog Fizzer Tropical Crush 330mL | 24 Pack,$70.00,$8.84 per 1L
Wandering Distillery Odyssey Gin 700mL | 1 Each,$70.00,$100.00 per 1L | Was $76.00
Mountain Culture Status Quo Pale Ale Can 355mL | 16 Pack,$70.00,$12.32 per 1L
Local Brewing Sustainable Sour Can 375mL | 24 Pack,$70.00,$7.78 per 1L
VIVIR Cafe VS 700mL | 1 Each,$70.00,$100.00 per 1L
Rocks Brewing West Coast IPA Can 375mL | 16 Pack,$70.00,$11.67 per 1L
Pure Blonde Cider & Soda Can 330mL | 24 Pack,$70.00,$8.84 per 1L | Was $75.00
Yulli's Dolly Aldrin Berliner Weisse Can 375mL | 16 Pack,$70.00,$11.67 per 1L
Noosa Gin 700mL | 1 Each,$70.00,$100.00 per 1L
Monkey Shoulder Blended Malt Scotch 700mL | 1 Each,,
4 Pines Brewing Pale Ale Bottle 330mL | 24 Pack,,
Johnnie Walker Black Label Whisky 1L | 1 Each,$70.00,$70.00 per 1L | Was $87.00
Jameson Irish Whiskey 1 Litre | 1 Each,,
Yabby Lake Pinot Noir | 750mL,$70.00,$9.33 per 100mL
Steamrail Golden Ale Bottle 330mL | 24 pack,,
Great Northern Super Crisp Lager Bottle 700mL | 12 Pack,,
Young Henrys Stayer Mid Can 375mL | 24 Pack,$71.00,$7.89 per 1L
Aviation Gin 700mL | 1 Each,$71.00,$101.43 per 1L | Was $80.00
The Kraken Spiced Rum 700mL | 1 Each,,
3 Pub Circus Artisan Ale Bottle 330mL | 24 pack,,
Rocks Brewing Pilsner Lager Can 375mL | 24 Pack,$71.50,$7.94 per 1L
Young Henrys Natural Lager Can 375mL | 24 Pack,$72.00,$8.00 per 1L
Poor Toms Sydney Dry Gin 700mL | 1 Each,$72.00,$102.86 per 1L | Was $77.00
Wild Turkey Longbranch Kentucky Bourbon Whiskey 700mL | 1 Each,,
Coopers Sparkling Ale Bottle 375mL | 24 Pack,,
78 Degrees Sunset Gin 700mL | 1 Each,,
Manly Spirits Australian Dry Gin 700mL | 1 Each,,
Rocky Jones Pink Gin 700mL | 1 Each,$72.00,$102.86 per 1L
Young Henry's Newtowner Pale Ale Bottle 330mL | 24 Pack,$72.00,$9.09 per 1L
23rd Street Distillery Violet Gin 700mL | 1 Each,$72.00,$102.86 per 1L | Was $75.00
Just Margarita Can 330mL | 16 Pack,$72.00,$13.64 per 1L
George Dickel Old No. 8 Tennessee Whisky 750mL | 1 Each,$72.00,$96.00 per 1L
Kirin Ichiban Can 500mL | 24 Pack,$72.00,$6.00 per 1L
23Rd Street Mulberry Gin 700mL | 1 Each,$72.00,$102.86 per 1L | Was $80.00
Chivas Regal 12YO Scotch Whisky 1 Litre | 1 Each,,
Just Watermelon Margi Can 330mL | 16 Pack,$72.00,$13.64 per 1L
Mountain Goat Summer Ale Can 375mL | 24 Pack,,
Jack Daniels Gentleman Jack 700mL | 1 Each,,
Manly Spirits Coastal Citrus Gin 700mL | 1 Each,,
Lord Nelson Smooth Sailing Can 375mL | 24 Pack,$73.00,$8.11 per 1L
Glenfiddich 12YO Single Malt Scotch Whisky 700mL | 1 Each,,
Asahi Super Dry Cans 500mL | 24 Pack,,
The Sexton Single Malt Irish Whiskey 700mL | 1 Each,$74.00,$105.72 per 1L
Just Drinks Pink Gin Soda 330mL | 16 pack,,
Just Drinks Vodka Soda 330mL | 16 pack,,
Joadja Distillery Dry Gin 700mL | 1 Each,$74.00,$105.72 per 1L
Moore's Dry Gin 700mL | 1 Each,,
Just Vodka Tropical Can 330mL | 16 Pack,$74.00,$14.02 per 1L
Just Vodka Watermelon Can 330mL | 16 Pack,$74.00,$14.02 per 1L
XXXX Gold Rack Pk Bottle 750mL | 12 Pack,,
Vodka Cruiser Wild Raspberry 275mL | 24 Pack,,
Vodka Cruiser Lush Guava 275mL | 24 Pack,,
Vodka Cruiser Pure Pineapple 275mL | 24 Pack,,
Vodka Cruiser Sugar Free Berry 275mL | 24 Pack,,
Strongbow Original Can 375mL | 30 Pack,$75.00,$6.67 per 1L
Archie Rose Signature Dry Gin 700mL | 1 Each,,
Great Northern Original Lager Bottle 700mL | 12 pack,,
Citadelle Original Gin 700mL | 1 Each,,
Chivas Regal XV Scotch Whisky 700mL | 1 Each,,
Canard Duchene Brut Rose NV 750mL | 1 Each,,
Antipodes Gin 700mL | 1 Each,,
Vodka Cruiser Sour Grape 275mL | 24 Pack,$75.00,$11.36 per 1L | Was $90.00
Poltergeist Unfiltered Gin 700mL | 1 Each,$75.00,$107.14 per 1L | Was $80.00
Cruiser Spritz Summer Berry Can 275mL | 24 Pack,$75.00,$11.36 per 1L | Was $97.00
Kangaroo Island O'Gin 700mL | 1 Each,$75.00,$107.14 per 1L | Was $89.00
Kangaroo Island Wild Gin 700mL | 1 Each,$75.00,$107.14 per 1L | Was $89.00
Manly Spirits Lilly Pilly Pink Gin 700mL | 1 Each,$75.00,$107.14 per 1L | Was $82.00
4 Pines Brewing Hazy Pale Ale Can 375mL | 24 Pack,$75.00,$8.33 per 1L | Was $88.00
Vodka Cruiser Sugar Free Strawberry Watermelon Bottle 275mL | 24 Pack,$75.00,$11.36 per 1L | Was $90.00
Glen Scotia Harbour Single Malt Scotch Whiskey 700mL | 1 Each,$75.00,$107.14 per 1L
Kentucky Bourbon & Cola 4.8% Can 375mL | 24 Pack,$75.00,$8.33 per 1L | Was $78.00
Nicolas Feuillatte Reserve Exclusive Brut 750mL | 1 Each,$75.00,$100.00 per 1L
Vodka Cruiser Strawberry Soda Spritz Can 275mL | 24 Pack,$75.00,$11.36 per 1L | Was $96.00
Burleigh Bighead No Carb Beer Bottle 330mL | 24 Pack,,
Vodka Cruiser Mudshake Chocolate Bottle 270mL | 24 Pack,,
Black Douglas Scotch Whisky 700mL | 1 Each,,
Carlton Dry Bottle 700mL | 12 Pack,,
Carlton Draught Rack Pack Bottle 750mL | 12 Pack,,
Victoria Bitter Rack Pack Bottle 750mL | 12 Pack,$75.50,$8.39 per 1L
Toki Suntory  Blended Japanese Whisky 700mL | 1 Each,,
Forty Spotted Classic Gin 700mL | 1 Each,,
Wandering Distillery Signature Gin 700mL | 1 Each,,
Wildbrumby Classic Gin 700mL | 1 Each,$76.00,$108.57 per 1L | Was $80.00
Little Creatures Squeaky Clean IPA Can 375mL | 24 Pack,$76.00,$8.44 per 1L
Russell's Reserve 10YO Kentucky Straight Bourbon 750mL | 1 Each,$76.00,$101.33 per 1L
Melbourne Bitter Bottle 750mL | 12 Pack,,
Coopers Extra Stout Bottle 750mL | 12 Pack,,
Brookie's Byron Dry Gin 700mL | 1 Each,,
Veuve Clicquot Yellow Label Brut NV 750mL | 1 Each,,
Philter XPA Can 375mL | 24 Pack,,
Colonial Bertie Cold Pressed Apple Cider Can 375mL | 24 pack,,
Sapporo Can 500mL | 24 Pack,$78.00,$6.50 per 1L
Moon Dog Ginger Beer Can 330mL | 24 Pack,$78.00,
Yulli's Norman Australian Ale Can 375mL | 24 Pack,$78.00,$8.67 per 1L
Kilkenny Cans 440mL | 24 Pack,,
Woodstock 4.8% Bourbon & Cola Can 375mL | 24 Pack,$78.00,$0.87 per 100mL | Was $94.00
﻿Stone & Wood Pacific Ale Bottle 330mL | 24 Pack,,
Rocks Brewing American Pale Ale Can 375mL | 24 Pack,$78.50,$8.72 per 1L
Young Henrys Cloudy Cider Can 375mL | 24 Pack,,
Winston Quinn Dry Cut Gin 700mL | 1 Each,$79.00,$112.86 per 1L
Ciroc Vodka 750mL | 1 Each,,
Just Vodka Soda Grape 6% Can 330mL | 16 Pack,$79.00,$14.96 per 1L
Tooheys Extra Dry Bottle 696mL | 12 Pack,,
Hahn Super Dry Bottle 700mL | 12 Pack,,
Southern Comfort & Cola Cans 375mL | 24 Pack,,
Tooheys New Bottle 750mL | 12 Pack,,
McWilliams Show Reserve Tawny 25 Years NV 500mL | 1 Each,,
Jameson Black Barrel Irish Whiskey 700mL | 1 Each,,
Jack Daniels Gentleman Jack 1 Litre | 1 Each,,
Garden Grown Gin 700mL | 1 Each,,
James Squire Ginger Beer Can 330mL | 24 pack,,
Mumm Grand Cordon Rose 750mL | 1 Each,,
South Coast Distillery Sublime Gin 700mL | 1 Each,$80.00,$114.29 per 1L
Moet & Chandon Rose Brut NV 750mL | 1 Each,,
Roku Gin 1L | 1 Each,,
West Coast Cooler Bottles 250mL | 24 Pack,,
Wayward Hazy Mid Can 375mL | 24 Pack,$80.00,$8.89 per 1L
Four Pillars Fresh Yuzu Gin 700mL | 1 Each,$80.00,$114.29 per 1L
Four Pillars Modern Australian Gin 700mL | 1 Each,$80.00,$114.29 per 1L | Was $88.00
Galway Pipe Rum Barrel Tawny 15YO 500mL | 1 Each,$80.00,$160.00 per 1L
Hendricks Gin 700mL | 1 Each,,
Tooheys New Rack Pack Bottle 750mL | 12 Pack,,
Guinness Stout 375mL Bottle | 24 pack,$81.00,$0.90 per 100mL
Laphroaig Select Cask Single Malt Scotch Whisky 700mL | 1 Each,$81.00,$115.72 per 1L | Was $102.00
Yebisu Premium Can 350mL | 24 Pack,$81.00,$9.64 per 1L
Moon Dog Tinnies Ale 1 Can 330mL | 24 Pack,$81.00,$10.23 per 1L | Was $90.00
Makers Mark 46 Kentucky Straight Bourbon Whisky 700mL | 1 Each,,
VIVIR Tequila Reposado 700mL | 1 Each,$82.00,$117.14 per 1L | Was $90.00
Scapegrace Black 700mL | 1 Each,$82.00,$117.14 per 1L
Stone & Wood Little Dragon Ginger Beer Can 330mL | 24 Pack,$82.00,
Jack Daniels Tennessee Whiskey 1 Litre | 1 Each,,
Brookvale Union Ginger Beer Can 330mL | 24 Pack,,
Ink Gin 700mL | 1 Each,,
BentSpoke Barley Griffin Pale Ale Can 375mL | 24 Pack,,
Colonial Pale Ale Can 375mL | 24 Pack,,
Brookvale Union Ginger Beer Low Sugar Can 330mL | 24 Pack,$83.00,$10.48 per 1L | Was $91.00
Brookvale Union Ginger Beer Tropical Can 330mL | 24 Pack,$83.00,$10.48 per 1L | Was $91.00
Makers Mark Kentucky Straight Bourbon Whisky 1L | 1 Each,,
Rusty Yak Ginger Beer Can 330mL | 24 Pack,$84.00,
Guinness Draught Can 440mL | 24 Pack,,
Loch Lomond 12 YO Single Malt Scotch Whisky 700mL | 1 Each,,
Laurent Perrier La Cuvee Champagne NV 750mL | 1 Each,$85.00,
HG Hemp Gin 700mL | 1 Each,$85.00,$121.43 per 1L
VIVIR Tequila Blanco 700mL | 1 Each,$85.00,$121.43 per 1L
Grifter Pale Ale Can 375mL | 24 Pack,$85.00,$9.44 per 1L
Archie Rose Harvest 2020 Sunrie Lime Gin 700mL | 1 Each,$85.00,$121.43 per 1L | Was $90.00
Woodford Reserve Double Oaked 700mL | 1 Each,,
Martell VS Cognac 700mL | 1 Each,$86.00,$122.86 per 1L
Kurayoshi The Tottori Blended Japanese Whiskey 700mL | 1 Each,,
Johnnie Walker Gold Reserve 700mL | 1 Each,,
Four Pillars Bloody Shiraz Gin 700mL | 1 Each,,
Canadian Club & Zero Sugar Dry Can 375mL | 24 Pack,,
Belvedere Pure Vodka 1L | 1 Each,,
Four Pillars Olive Leaf Gin 700mL | 1 Each,$88.00,
Canadian Club Soda & Lime Can 375mL | 24 Pack,$88.00,$9.78 per 1L | Was $98.00
Jack Daniels Bonded Tennessee Whiskey 700mL | 1 Each,$88.00,$125.72 per 1L
Canadian Club Cola Can 375mL | 24 Pack,$88.00,$9.78 per 1L | Was $98.00
Canadian Club Dry Can 375mL | 24 Pack,$88.00,$9.78 per 1L | Was $98.00
Jim Beam White & Cola Can 375mL | 24 Pack,,
Jim Beam Zero Sugar Cola Cans 375mL | 24 Pack,$88.00,$9.78 per 1L | Was $98.00
5 Seeds Cloudy Apple Cider Bottle 345mL | 24 pack,,
Elijah Craig Small Batch Bourbon 700mL | 1 Each,$89.00,$127.14 per 1L
Jack Daniels & Cola Can 375mL | 20 Pack,,
Jim Beam White & Cola Bottle 500mL | 12 pack,,
Jack Daniels Single Barrel 700mL | 1 Each,,
Sipsmith Sloe Gin 500mL | 1 Each,,
Lord Nelson Three Sheets Pale Ale Can 375mL | 24 Pack,$90.00,$10.00 per 1L
Grifter Serpents Kiss Can 375mL | 24 Pack,$90.00,$10.00 per 1L
Moon Dog Fizzer Mixed Can 330mL | 30 Pack,$90.00,$9.09 per 1L
Mismatch Cloudy Apple Cider Can 375mL | 24 Pack,$90.00,$10.00 per 1L
Ned Australian Whisky & Cola Can 375mL | 16 Pack,$90.00,$15.00 per 1L
Hendrick's Gin Neptunia 700mL | 1 each,$90.00,$128.57 per 1L
Ned Australian Whisky & Soda Apple Can 375mL | 16 Pack,$90.00,$15.00 per 1L
Champagne Deutz Brut Classic NV 750mL | 1 Each,$90.00,$120.00 per 1L
Brookvale Union Vodka Peach Iced Tea Can 330mL | 24 Pack,,
Taittinger Brut Reserve NV Champagne 750mL | 1 Each,,
Brookvale Union Vodka Lemon Lime Bitters Can 330mL | 24 Pack,$92.00,$11.62 per 1L
Glenmorangie 10YO Malt Scotch Whisky 700mL | 1 Each,,
Talisker 10YO Single Malt Scotch Whisky 700mL | 1 Each,,
Guinness Stout Bottle 750mL | 12 Pack,,
The Shin Blended Japanese Whisky 700mL | 1 Each,$94.00,$134.29 per 1L | Was $100.00
Capital Brewing Coast Ale Bottle 330mL | 24 pack,,
Akasha Freshwater Pale Ale Can 375mL | 24 Pack,,
Wayward Raspberry Berliner Weisse Can 375mL | 24 Pack,,
Hendricks Midsummer Solstice Gin 700mL | 1 Each,,
Perrier Jouet Grand Brut Nv Champagne | 750mL,$95.00,$12.67 per 100mL
Moet & Chandon Vintage Champagne 750mL | 1 Each,,
Willie the Boatman Lil Louie XPA Can 375mL | 24 Pack,,
Willie The Boatman Crazy Ivan Can 375mL | 24 Pack,,
Don Julio Blanco Tequila 750mL | 1 Each,$95.00,$126.67 per 1L
Mismatch Galaxy Hopped Cider Can 375mL | 24 Pack,$95.00,$10.56 per 1L
VEUVE CLICQUOT VEUVE CLICQUOT NON VINTAG,,
Patron Silver Tequila 700mL | 1 Each,,
Johnnie Walker Green Label Blended Scotch Whisky 700mL | 1 Each,,
BentSpoke Crankshaft IPA Can 375mL | 24 Pack,,
Chivas Regal 18YO Scotch Whisky 700mL | 1 Each,,
Canadian Club Dry 4.8% Bottle 330mL | 24 Pack,,
Fellr Watermelon Brewed Alcoholic Seltzer Can 330mL | 24 Pack,$99.00,$12.50 per 1L
SOMMA Watermelon & Lime Alcoholic Seltzer Can 250mL | 24 Pack,$99.00,$16.50 per 1L
Fellr Passionfruit Brewed Alcoholic Seltzer Can 330mL | 24 Pack,$99.00,$12.50 per 1L
Billecart Salmon Brut Non Vintage Champagne | 750mL,,
Courvoisier VSOP Cognac 700mL | 1 Each,,
Good Tides Hard Seltzer Raspberry Vodka 330mL | 24 Pack,,
Midori Illusion Bottle 275mL | 24 Pack,,
Galway Pipe Rare Tawny 25 Year Old 500mL | 1 Each,$100.00,$200.00 per 1L
The Chita Japanese Whisky 700mL | 1 Each,,
Pol Roger Brut Non VIntage Champagne | 750mL,,
Vodka Cruiser Sugar Free Mixed Bottle 275mL | 30 Pack,$103.00,$12.48 per 1L
Rekorderlig Watermelon-Citrus Cider Bottle 330mL | 24 Pack,$104.00,$13.13 per 1L
Woodstock Bourbon & Cola Bottle 660mL | 12 Pack,,
Vodka Cruiser Mixed 275mL | 30 Pack,,
Starward Nova Single Malt Whisky 700mL | 1 Each,,
Actual Vodka Seltzer & Lime Cans 300mL | 24 Pack,,
Cruiser Vodka  Black Guava Bottle 275mL | 24 Pack,$105.00,$15.91 per 1L
Sauce Caribbean Fog Hazy Pale Ale Can 375mL | 24 Pack,$105.00,$11.67 per 1L
Actual Seltzer Mango Can 300mL | 24 Pack,$105.00,$14.58 per 1L
White Claw Variety Can 330mL | 20 Pack,,
Ruski Lemon Bottle 275mL | 24 Pack,,
Bundaberg Cola Bottle 640mL | 12 Pack,,
Remy Martin VSOP Cognac 700mL | 1 Each,$105.00,$15.00 per 1L
Penfolds Grandfather Rare Tawny Port | 750mL,,
Johnnie Walker Red & Cola Can 375mL | 24 Pack,,
Aberlour 12YO Scotch Whisky 700mL | 1 Each,$107.00,$152.86 per 1L
Philter Hazy Pale Can 375mL | 24 Pack,$107.00,$11.89 per 1L
Malibu & Cola Can 250mL | 24 Pack,$108.00,$18.00 per 1L
Bollinger Special Cuvee Brut NV Champagne 750mL | 1 Each,$109.00,$14.53 per 1L
Kentucky Bourbon Double Serve & Cola Can 375mL | 24 Pack,$109.00,$12.11 per 1L
Kentucky Bourbon Double Serve & Cola No Sugar Can 375mL | 24 Pack,$109.00,$12.11 per 1L
Jack Daniels & Cola Bottle 330mL | 24 Pack,,
Jack Daniels & No Sugar Cola Can 375mL | 24 Pack,,
Akasha Cloud 9 Hazy IPA Can 375mL | 24 Pack,$110.00,$12.22 per 1L
Smirnoff Seltzer Natural Orange Can 250mL | 24 Pack,$110.00,$18.33 per 1L
Strongbow Ultra Apple Can 330ml | 24 Pack,$110.00,$13.89 per 1L
Hard Fizz X Grape and Strawberry Caffeine Seltzer Can 250mL | 24 Pack,$110.00,$18.33 per 1L
Hennessy VSOP Cognac 700mL | 1 Each,,
Jack Daniels & Cola Can 375mL | 24 Pack,,
Woodstock Bourbon & Cola 10% Can 200mL | 24 Pack,,
Ardbeg 10YO Single Malt Scotch Whisky 700mL | 1 Each,,
Mountain Goat Pale Ale Bottle 330mL | 24 Pack,,
Carlton Draught Can 375mL | 24 Pack,,
Loch Lomond 18 YO Single Malt Scotch Whisky 700mL | 1 Each,,
Smirnoff Ice Red Bottles 300mL | 24 Pack,,
Moon Dog Fizzer Seltzer 6% Can 330mL | 30 Pack,$115.00,$11.62 per 1L
Yellowglen NV Pink Piccolo 200mL | 1 each,,
James Squire Swindler Bottle 345mL | 24 pack,,
Wild Turkey Cola 101 Can 375mL | 20 Pack,,
Brookvale Union Vodka Lemon Squash Can 330mL | 24 Pack,$119.00,$15.03 per 1L
Young Henrys Motor Cycle Oil Hoppy Porter Can 375mL | 24 Pack,$120.00,$13.33 per 1L
Smirnoff Seltzer Lime Can 250mL | 24 Pack,,
Aperol Spritz Bottle 175mL | 24 Pack,$120.00,$28.57 per 1L
Smirnoff Seltzer Summer Flavour Can 250mL | 24 Pack,$120.00,$20.00 per 1L
Archie Rose Gin Blackberry Spritz Can 200mL | 24 Pack,$120.00,$25.00 per 1L
COEDO Ruri Can 350mL | 24 Pack,$120.00,$14.29 per 1L
Jameson Soda Ginger Lime 4.8% Can 375mL | 24 Pack,$120.00,$13.33 per 1L
Woodstock Bourbon & Cola 6% 375mL | 24 Pack,,
Jack Daniels Double Jack & Cola Can 375mL | 20 Pack,,
Jim Beam Double Serve Can 375mL | 24 Pack,,
Jim Beam White Double Serve Zero 6.7% Can 375mL | 24 Pack,$122.00,$13.56 per 1L
The Balvenie 12YO Doublewood Single Malt Scotch Whisky 700mL | 1 Each,,
Sauce Extra Hop  IPA Can 375mL | 24 Pack,$124.00,$13.78 per 1L
-196 Double Lemon & Vodka Can 330ml | 24 Pack,$124.00,$15.66 per 1L
-196 Double Grape 6% Can 330mL | 24 Pack,$124.00,$15.66 per 1L
Jim Beam White & Cola Can 375mL | 30 pack,,
Akasha Hopsmith IPA Can 375mL | 24 Pack,,
Jim Beam White Zero Sugar Cola Cans 375mL | 30 pack,,
Billson's Portello Vodka Mixed Drink 355mL | 24 Pack,$125.00,$14.67 per 1L
Billson's Creamy Soda Vodka Mixed Drink 355mL | 24 Pack,$125.00,$14.67 per 1L
Billson's Passionfruit Vodka Mixed Drink Can 355mL | 24 Pack,$125.00,$14.67 per 1L
Billson's Fruit Tangle Vodka Mixed Drink Can 355mL | 24 Pack,$125.00,$14.67 per 1L
CANADIAN CLUB CANADIAN CLUB SODA & LIME,,
Gweilo Ginger Beer Can 375mL | 24 Pack,$125.00,$13.89 per 1L
Gordons Pink Gin RTD Bottle 330mL | 24 Pack,,
Gordons Mediterranean Orange Bottle 330mL | 24 Pack,$129.00,$16.29 per 1L
Wild Turkey Cola Can 375mL | 24 Pack,,
Grainshaker Vodka Mixed Can 6% 330mL | 24 Pack,$130.00,$16.41 per 1L
Canadian Club Premium and Dry Can 375mL | 24 Pack,,
Jack Daniels Gentleman Jack & Cola Bottle 330mL | 24 Pack,,
Penfolds St Henri Shiraz 2016 750mL | 1 Each,$135.00,$180.00 per 1L
Lark Symphony No.1 Australian Malt Whisky 500mL | 1 Each,$135.00,$270.00 per 1L | Was $145.00
Penfolds St Henri Shiraz 2017 750mL | 1 Each,$135.00,$180.00 per 1L
-196 Double Lemon & Vodka Can 330ml | 30 Pack,$135.00,$13.64 per 1L
Kentucky Bourbon Double Serve & Cola Can 375mL | 30 Pack,$135.00,$12.00 per 1L
Kentucky Bourbon Double Serve & No Sugar Can 375mL | 30 Pack,$135.00,$12.00 per 1L
Jack Daniels Apple & Soda Can 330mL | 24 Pack,$135.00,$17.05 per 1L
-196 Double Grape 6% Can 330mL | 30 Pack,$135.00,$13.64 per 1L
Manly Spirits Pink Gin & Tonic Bottle 275mL | 24 Pack,,
Manly Spirits Manly Berry Blush Hibiscus Flower Gin & Tonic Bottle 275mL | 24 Pack,$136.00,$20.61 per 1L
Four Pillars Bloody Shiraz Gin & Tonic Can 250mL | 24 Pack,$138.00,$23.00 per 1L
Four Pillars Fresh Yuzu Gin & Soda Can 250mL | 24 Pack,$138.00,$23.00 per 1L
Dalwhinnie Distillers Dalwhinnie 15YO Single Malt Scotch Whisky 700mL | 1 Each,,
Jack Daniels Double Jack and Cola Can 375mL | 24 Pack,,
Jack Daniels Double Jack & No Sugar Cans 375mL | 24 Pack,$139.00,$15.44 per 1L
Woodstock Bourbon & Cola Can 12% 200mL | 24 Pack,,
Macallan The  12YO Double Cask Scotch Whisky 700mL | 1 Each,,
The Shin Malt Mizunara Oak Japanese Whisky 700mL | 1 Each,$140.00,$200.00 per 1L
Absolut Cocktails Passionfruit Martini Can 250mL | 24 Pack,$140.00,$23.33 per 1L
Johnnie Walker 18YO Blended Scotch Whisky 700mL | 1 Each,,
Truly Watermelon & Kiwi Seltzer Can 330ml | 24 Pack,$144.00,$18.18 per 1L
Truly Hard Seltzer Wild Berry Can 330mL | 24 Pack,$144.00,$18.18 per 1L
Truly Lemonade Seltzer Original Lemon Can 330mL | 24 Pack,$144.00,$18.18 per 1L
Gordons Tropical Passionfruit Bottle 330mL | 24 Pack,$144.00,$18.18 per 1L
Wild Turkey Cola Can 375mL | 30 Pack,,
Bacardi Mojito Can 250mL | 24 Pack,$145.00,$24.17 per 1L
Bacardi Pina Colada Can 250mL | 24 Pack,$145.00,$24.17 per 1L
Jack Daniels American Serve & Cola 250mL | 24 Pack,,
Captain Morgan Spiced Rum & Cola Can 6% 375mL | 24 Pack,,
Jameson Smooth Dry & Lime Can 375mL | 24 Pack,,
Jameson Raw and Cola Can 375mL | 24 Pack,,
White Claw Hard Seltzer Natural Lime 330mL | 24 Pack,,
White Claw Hard Seltzer Watermelon 330mL | 24 Pack,$148.00,$18.69 per 1L
Smirnoff Ice Double Black Zero Can 375mL | 24 Pack,,
Jim Beam Black Double Serve 6.9% Can 375mL | 24 Pack,,
White Claw Hard Seltzer Mango 330mL | 24 Pack,,
Smirnoff Ice Double Black Vodka Cans 375mL | 24 Pack,,
Wild Turkey & Cola 101 Can 375mL | 24 Pack,,
Vodka Cruiser Bold Berry Blend 275mL | 24 pack,,
Smirnoff Ice Double Black Guarana Can 250mL | 24 Pack,,
Oban 14YO Single Malt Scotch Whisky 700mL | 1 Each,$150.00,$214.29 per 1L
Smirnoff Ice Double Black Can 375mL | 30 Pack,,
Cougar & Cola Can 375mL | 24 Pack,,
Manly Spirits Whisky Highball 275mL | 24 Pack,$156.00,$23.64 per 1L
White Claw Surge Blood Orange Can 330mL | 24 Pack,$156.00,
White Claw Surge Blackberry Can 330mL | 24 Pack,$156.00,
Laurent Perrier Rose | 750mL,,
Glenmorangie 18 Year Old Extremely Rare Malt 700mL | 1 Each,$160.00,$228.57 per 1L | Was $190.00
Lagavulin 16YO Single Malt Scotch Whisky 700mL | 1 Each,,
Smirnoff Ice Double Black 9% Can 250mL | 24 Pack,,
Bombay Sapphire Gin & Tonic Double Serve 10% Can 250mL | 24 Pack,$165.00,$27.50 per 1L
First Press Espresso Martini Can 200mL | 24 Pack,$165.00,$34.38 per 1L
Captain Morgan & Cola 9% Can 250ml | 24 Pack,,
Wild Turkey Rare & Cola Bottle 320mL | 24 Pack,,
Wild Turkey Rare & Cola Can 8% 320mL | 24 Pack,,
Wild Turkey Cola 101 Can 375mL | 30 Pack,,
Hibiki Harmony Japanese Whisky 700mL | 1 Each,$215.00,$307.15 per 1L
Johnnie Walker Blue Label Scotch Whisky 700mL | 1 Each,,
Hennessy XO Cognac 700mL | 1 Each,$328.00,$468.58 per 1L
Dom Perignon Vintage Champagne Gift Box 750mL | 1 Each,$355.00,$473.33 per 1L
Penfolds Grange Shiraz 2016 750mL | 1 Each,"$1,050.00","$1,400.00 per 1L"
Penfolds Grange Shiraz 2015 750mL | 1 Each,"$1,100.00","$1,466.67 per 1L"
Yellowglen Nv Yellow Btl 4pk | 4 pack,,
Yellowglen Nv Yellow Btl 4pk | 4 pack,,